%YAML 1.1
%TAG !u! tag:unity3d.com,2011:
--- !u!114 &-9112250359856622313
MonoBehaviour:
  m_ObjectHideFlags: 0
  m_CorrespondingSourceObject: {fileID: 0}
  m_PrefabInstance: {fileID: 0}
  m_PrefabAsset: {fileID: 0}
  m_GameObject: {fileID: 0}
  m_Enabled: 1
  m_EditorHideFlags: 0
  m_Script: {fileID: 11500000, guid: 10a59fdd0077d464f9e665872e9a046f, type: 3}
  m_Name: Dialogue
  m_EditorClassIdentifier: 
  graph: {fileID: 11400000}
  position: {x: 5224, y: -344}
  ports:
    keys:
    - entry
    - exit
    values:
    - _fieldName: entry
      _node: {fileID: -9112250359856622313}
      _typeQualifiedName: System.Int32, mscorlib, Version=4.0.0.0, Culture=neutral,
        PublicKeyToken=b77a5c561934e089
      connections:
      - fieldName: _keyWordSet 0
        node: {fileID: 4555810392811373097}
        reroutePoints: []
      _direction: 0
      _connectionType: 0
      _typeConstraint: 0
      _dynamic: 0
    - _fieldName: exit
      _node: {fileID: -9112250359856622313}
      _typeQualifiedName: System.Int32, mscorlib, Version=4.0.0.0, Culture=neutral,
        PublicKeyToken=b77a5c561934e089
      connections:
      - fieldName: entry
        node: {fileID: 5699045424207227627}
        reroutePoints: []
      _direction: 1
      _connectionType: 0
      _typeConstraint: 0
      _dynamic: 0
  entry: 0
  exit: 0
  _dialogue: A plain looking bed, nothing worth mentioning.
  _waitFor: 3
  _event: {fileID: 11400000, guid: c6acf588c68f1ef46a3e5ced7d4a343c, type: 2}
--- !u!114 &-8505821684423261400
MonoBehaviour:
  m_ObjectHideFlags: 0
  m_CorrespondingSourceObject: {fileID: 0}
  m_PrefabInstance: {fileID: 0}
  m_PrefabAsset: {fileID: 0}
  m_GameObject: {fileID: 0}
  m_Enabled: 1
  m_EditorHideFlags: 0
  m_Script: {fileID: 11500000, guid: 10a59fdd0077d464f9e665872e9a046f, type: 3}
  m_Name: Dialogue
  m_EditorClassIdentifier: 
  graph: {fileID: 11400000}
  position: {x: 5224, y: -72}
  ports:
    keys:
    - entry
    - exit
    values:
    - _fieldName: entry
      _node: {fileID: -8505821684423261400}
      _typeQualifiedName: System.Int32, mscorlib, Version=4.0.0.0, Culture=neutral,
        PublicKeyToken=b77a5c561934e089
      connections:
      - fieldName: _keyWordSet 1
        node: {fileID: 4555810392811373097}
        reroutePoints: []
      _direction: 0
      _connectionType: 0
      _typeConstraint: 0
      _dynamic: 0
    - _fieldName: exit
      _node: {fileID: -8505821684423261400}
      _typeQualifiedName: System.Int32, mscorlib, Version=4.0.0.0, Culture=neutral,
        PublicKeyToken=b77a5c561934e089
      connections:
      - fieldName: entry
        node: {fileID: 5699045424207227627}
        reroutePoints: []
      _direction: 1
      _connectionType: 0
      _typeConstraint: 0
      _dynamic: 0
  entry: 0
  exit: 0
  _dialogue: There is something about this bookcase. It looks like it could be moved.
  _waitFor: 3
  _event: {fileID: 11400000, guid: 7676b51007e8b414d997dae11ce683b1, type: 2}
--- !u!114 &-8500318706274493387
MonoBehaviour:
  m_ObjectHideFlags: 0
  m_CorrespondingSourceObject: {fileID: 0}
  m_PrefabInstance: {fileID: 0}
  m_PrefabAsset: {fileID: 0}
  m_GameObject: {fileID: 0}
  m_Enabled: 1
  m_EditorHideFlags: 0
  m_Script: {fileID: 11500000, guid: 10a59fdd0077d464f9e665872e9a046f, type: 3}
  m_Name: Dialogue
  m_EditorClassIdentifier: 
  graph: {fileID: 11400000}
  position: {x: 5224, y: 1400}
  ports:
    keys:
    - entry
    - exit
    values:
    - _fieldName: entry
      _node: {fileID: -8500318706274493387}
      _typeQualifiedName: System.Int32, mscorlib, Version=4.0.0.0, Culture=neutral,
        PublicKeyToken=b77a5c561934e089
      connections:
      - fieldName: _keyWordSet 5
        node: {fileID: 4555810392811373097}
        reroutePoints: []
      _direction: 0
      _connectionType: 0
      _typeConstraint: 0
      _dynamic: 0
    - _fieldName: exit
      _node: {fileID: -8500318706274493387}
      _typeQualifiedName: System.Int32, mscorlib, Version=4.0.0.0, Culture=neutral,
        PublicKeyToken=b77a5c561934e089
      connections:
      - fieldName: entry
        node: {fileID: -3770319152434766171}
        reroutePoints: []
      _direction: 1
      _connectionType: 0
      _typeConstraint: 0
      _dynamic: 0
  entry: 0
  exit: 0
  _dialogue: Are you sure?
  _waitFor: -5
  _event: {fileID: 0}
--- !u!114 &-8422323279539651237
MonoBehaviour:
  m_ObjectHideFlags: 0
  m_CorrespondingSourceObject: {fileID: 0}
  m_PrefabInstance: {fileID: 0}
  m_PrefabAsset: {fileID: 0}
  m_GameObject: {fileID: 0}
  m_Enabled: 1
  m_EditorHideFlags: 0
  m_Script: {fileID: 11500000, guid: 10a59fdd0077d464f9e665872e9a046f, type: 3}
  m_Name: Dialogue
  m_EditorClassIdentifier: 
  graph: {fileID: 11400000}
  position: {x: 2824, y: 760}
  ports:
    keys:
    - entry
    - exit
    values:
    - _fieldName: entry
      _node: {fileID: -8422323279539651237}
      _typeQualifiedName: System.Int32, mscorlib, Version=4.0.0.0, Culture=neutral,
        PublicKeyToken=b77a5c561934e089
      connections:
      - fieldName: _keyWordSet 5
        node: {fileID: -4544795630428780248}
        reroutePoints: []
      _direction: 0
      _connectionType: 0
      _typeConstraint: 0
      _dynamic: 0
    - _fieldName: exit
      _node: {fileID: -8422323279539651237}
      _typeQualifiedName: System.Int32, mscorlib, Version=4.0.0.0, Culture=neutral,
        PublicKeyToken=b77a5c561934e089
      connections:
      - fieldName: entry
        node: {fileID: 3404292175154371061}
        reroutePoints: []
      _direction: 1
      _connectionType: 0
      _typeConstraint: 0
      _dynamic: 0
  entry: 0
  exit: 0
  _dialogue: A closet without any cloth inside.
  _waitFor: 3
  _event: {fileID: 11400000, guid: ae549ba1eb84efe489acdfce0d5156d6, type: 2}
--- !u!114 &-8317121165773309222
MonoBehaviour:
  m_ObjectHideFlags: 0
  m_CorrespondingSourceObject: {fileID: 0}
  m_PrefabInstance: {fileID: 0}
  m_PrefabAsset: {fileID: 0}
  m_GameObject: {fileID: 0}
  m_Enabled: 1
  m_EditorHideFlags: 0
  m_Script: {fileID: 11500000, guid: 10a59fdd0077d464f9e665872e9a046f, type: 3}
  m_Name: Dialogue
  m_EditorClassIdentifier: 
  graph: {fileID: 11400000}
  position: {x: 4024, y: 760}
  ports:
    keys:
    - entry
    - exit
    values:
    - _fieldName: entry
      _node: {fileID: -8317121165773309222}
      _typeQualifiedName: System.Int32, mscorlib, Version=4.0.0.0, Culture=neutral,
        PublicKeyToken=b77a5c561934e089
      connections:
      - fieldName: _keyWordSet 5
        node: {fileID: 3906125423530098335}
        reroutePoints: []
      _direction: 0
      _connectionType: 0
      _typeConstraint: 0
      _dynamic: 0
    - _fieldName: exit
      _node: {fileID: -8317121165773309222}
      _typeQualifiedName: System.Int32, mscorlib, Version=4.0.0.0, Culture=neutral,
        PublicKeyToken=b77a5c561934e089
      connections:
      - fieldName: entry
        node: {fileID: 4555810392811373097}
        reroutePoints: []
      _direction: 1
      _connectionType: 0
      _typeConstraint: 0
      _dynamic: 0
  entry: 0
  exit: 0
  _dialogue: "The door was locked, you unlock the door and open it.\r\nThe door opens,
    you can \u201Cmove out\u201D now.\r\n"
  _waitFor: 3
  _event: {fileID: 11400000, guid: e43cf858b043dd5408308f09b76cbb49, type: 2}
--- !u!114 &-7917901316491352049
MonoBehaviour:
  m_ObjectHideFlags: 0
  m_CorrespondingSourceObject: {fileID: 0}
  m_PrefabInstance: {fileID: 0}
  m_PrefabAsset: {fileID: 0}
  m_GameObject: {fileID: 0}
  m_Enabled: 1
  m_EditorHideFlags: 0
  m_Script: {fileID: 11500000, guid: 10a59fdd0077d464f9e665872e9a046f, type: 3}
  m_Name: Dialogue
  m_EditorClassIdentifier: 
  graph: {fileID: 11400000}
  position: {x: 3128, y: -56}
  ports:
    keys:
    - entry
    - exit
    values:
    - _fieldName: entry
      _node: {fileID: -7917901316491352049}
      _typeQualifiedName: System.Int32, mscorlib, Version=4.0.0.0, Culture=neutral,
        PublicKeyToken=b77a5c561934e089
      connections:
      - fieldName: exit
        node: {fileID: -6881346467235888311}
        reroutePoints: []
      _direction: 0
      _connectionType: 0
      _typeConstraint: 0
      _dynamic: 0
    - _fieldName: exit
      _node: {fileID: -7917901316491352049}
      _typeQualifiedName: System.Int32, mscorlib, Version=4.0.0.0, Culture=neutral,
        PublicKeyToken=b77a5c561934e089
      connections:
      - fieldName: entry
        node: {fileID: 5476008093440069696}
        reroutePoints: []
      _direction: 1
      _connectionType: 0
      _typeConstraint: 0
      _dynamic: 0
  entry: 0
  exit: 0
  _dialogue: "It\u2019s a solid concrete door. Maybe you could open it."
  _waitFor: 2
  _event: {fileID: 0}
--- !u!114 &-7739794278638969416
MonoBehaviour:
  m_ObjectHideFlags: 0
  m_CorrespondingSourceObject: {fileID: 0}
  m_PrefabInstance: {fileID: 0}
  m_PrefabAsset: {fileID: 0}
  m_GameObject: {fileID: 0}
  m_Enabled: 1
  m_EditorHideFlags: 0
  m_Script: {fileID: 11500000, guid: ec259ae6ecafa5849af21bed4ec0ebd4, type: 3}
  m_Name: Branch
  m_EditorClassIdentifier: 
  graph: {fileID: 11400000}
  position: {x: 152, y: -136}
  ports:
    keys:
    - entry
    - _keyWordSet
    - _keyWordSet 0
    values:
    - _fieldName: entry
      _node: {fileID: -7739794278638969416}
      _typeQualifiedName: System.Int32, mscorlib, Version=4.0.0.0, Culture=neutral,
        PublicKeyToken=b77a5c561934e089
      connections:
      - fieldName: exit
        node: {fileID: 4830207890639889128}
        reroutePoints: []
      _direction: 0
      _connectionType: 0
      _typeConstraint: 0
      _dynamic: 0
    - _fieldName: _keyWordSet
      _node: {fileID: -7739794278638969416}
      _typeQualifiedName: KeyWordSet[], Assembly-CSharp, Version=0.0.0.0, Culture=neutral,
        PublicKeyToken=null
      connections: []
      _direction: 1
      _connectionType: 0
      _typeConstraint: 0
      _dynamic: 0
    - _fieldName: _keyWordSet 0
      _node: {fileID: -7739794278638969416}
      _typeQualifiedName: KeyWordSet[], Assembly-CSharp, Version=0.0.0.0, Culture=neutral,
        PublicKeyToken=null
      connections:
      - fieldName: entry
        node: {fileID: -2990235722070292104}
        reroutePoints: []
      _direction: 1
      _connectionType: 0
      _typeConstraint: 0
      _dynamic: 1
  entry: 0
  _keyWordSet:
  - _keyAnswer: light switch
    _WordSet: 2
  _event: {fileID: 0}
--- !u!114 &-7568364293078206977
MonoBehaviour:
  m_ObjectHideFlags: 0
  m_CorrespondingSourceObject: {fileID: 0}
  m_PrefabInstance: {fileID: 0}
  m_PrefabAsset: {fileID: 0}
  m_GameObject: {fileID: 0}
  m_Enabled: 1
  m_EditorHideFlags: 0
  m_Script: {fileID: 11500000, guid: 10a59fdd0077d464f9e665872e9a046f, type: 3}
  m_Name: Dialogue
  m_EditorClassIdentifier: 
  graph: {fileID: 11400000}
  position: {x: 1880, y: 216}
  ports:
    keys:
    - entry
    - exit
    values:
    - _fieldName: entry
      _node: {fileID: -7568364293078206977}
      _typeQualifiedName: System.Int32, mscorlib, Version=4.0.0.0, Culture=neutral,
        PublicKeyToken=b77a5c561934e089
      connections:
      - fieldName: _keyWordSet 3
        node: {fileID: -6005861385085117372}
        reroutePoints: []
      _direction: 0
      _connectionType: 0
      _typeConstraint: 0
      _dynamic: 0
    - _fieldName: exit
      _node: {fileID: -7568364293078206977}
      _typeQualifiedName: System.Int32, mscorlib, Version=4.0.0.0, Culture=neutral,
        PublicKeyToken=b77a5c561934e089
      connections:
      - fieldName: entry
        node: {fileID: -5137913057374231654}
        reroutePoints: []
      _direction: 1
      _connectionType: 0
      _typeConstraint: 0
      _dynamic: 0
  entry: 0
  exit: 0
  _dialogue: A weird shape table with a vintage looking computer on it.
  _waitFor: 3
  _event: {fileID: 11400000, guid: 36bc911c82338cf4f88f8e06d4676d4d, type: 2}
--- !u!114 &-6881346467235888311
MonoBehaviour:
  m_ObjectHideFlags: 0
  m_CorrespondingSourceObject: {fileID: 0}
  m_PrefabInstance: {fileID: 0}
  m_PrefabAsset: {fileID: 0}
  m_GameObject: {fileID: 0}
  m_Enabled: 1
  m_EditorHideFlags: 0
  m_Script: {fileID: 11500000, guid: 10a59fdd0077d464f9e665872e9a046f, type: 3}
  m_Name: Dialogue
  m_EditorClassIdentifier: 
  graph: {fileID: 11400000}
  position: {x: 2824, y: -56}
  ports:
    keys:
    - entry
    - exit
    values:
    - _fieldName: entry
      _node: {fileID: -6881346467235888311}
      _typeQualifiedName: System.Int32, mscorlib, Version=4.0.0.0, Culture=neutral,
        PublicKeyToken=b77a5c561934e089
      connections:
      - fieldName: _keyWordSet 2
        node: {fileID: -4544795630428780248}
        reroutePoints: []
      _direction: 0
      _connectionType: 0
      _typeConstraint: 0
      _dynamic: 0
    - _fieldName: exit
      _node: {fileID: -6881346467235888311}
      _typeQualifiedName: System.Int32, mscorlib, Version=4.0.0.0, Culture=neutral,
        PublicKeyToken=b77a5c561934e089
      connections:
      - fieldName: entry
        node: {fileID: -7917901316491352049}
        reroutePoints: []
      _direction: 1
      _connectionType: 0
      _typeConstraint: 0
      _dynamic: 0
  entry: 0
  exit: 0
  _dialogue: You move the bookcase and find a door behind it.
  _waitFor: 2
  _event: {fileID: 11400000, guid: 4ebdabf113130cd4fbda65acfdafffe1, type: 2}
--- !u!114 &-6467953651266673273
MonoBehaviour:
  m_ObjectHideFlags: 0
  m_CorrespondingSourceObject: {fileID: 0}
  m_PrefabInstance: {fileID: 0}
  m_PrefabAsset: {fileID: 0}
  m_GameObject: {fileID: 0}
  m_Enabled: 1
  m_EditorHideFlags: 0
  m_Script: {fileID: 11500000, guid: 10a59fdd0077d464f9e665872e9a046f, type: 3}
  m_Name: Dialogue
  m_EditorClassIdentifier: 
  graph: {fileID: 11400000}
  position: {x: 632, y: -136}
  ports:
    keys:
    - entry
    - exit
    values:
    - _fieldName: entry
      _node: {fileID: -6467953651266673273}
      _typeQualifiedName: System.Int32, mscorlib, Version=4.0.0.0, Culture=neutral,
        PublicKeyToken=b77a5c561934e089
      connections:
      - fieldName: exit
        node: {fileID: -2990235722070292104}
        reroutePoints: []
      _direction: 0
      _connectionType: 0
      _typeConstraint: 0
      _dynamic: 0
    - _fieldName: exit
      _node: {fileID: -6467953651266673273}
      _typeQualifiedName: System.Int32, mscorlib, Version=4.0.0.0, Culture=neutral,
        PublicKeyToken=b77a5c561934e089
      connections:
      - fieldName: entry
        node: {fileID: 3653726664188356131}
        reroutePoints: []
      _direction: 1
      _connectionType: 0
      _typeConstraint: 0
      _dynamic: 0
  entry: 0
  exit: 0
  _dialogue: "The light turns on, you\u2019re in a room. You should \u201Clook around
    the room\u201D to know your surroundings."
  _waitFor: -5
  _event: {fileID: 0}
--- !u!114 &-6041211475371330690
MonoBehaviour:
  m_ObjectHideFlags: 0
  m_CorrespondingSourceObject: {fileID: 0}
  m_PrefabInstance: {fileID: 0}
  m_PrefabAsset: {fileID: 0}
  m_GameObject: {fileID: 0}
  m_Enabled: 1
  m_EditorHideFlags: 0
  m_Script: {fileID: 11500000, guid: 10a59fdd0077d464f9e665872e9a046f, type: 3}
  m_Name: Dialogue
  m_EditorClassIdentifier: 
  graph: {fileID: 11400000}
  position: {x: 5224, y: 1032}
  ports:
    keys:
    - entry
    - exit
    values:
    - _fieldName: entry
      _node: {fileID: -6041211475371330690}
      _typeQualifiedName: System.Int32, mscorlib, Version=4.0.0.0, Culture=neutral,
        PublicKeyToken=b77a5c561934e089
      connections:
      - fieldName: _keyWordSet 6
        node: {fileID: 4555810392811373097}
        reroutePoints: []
      _direction: 0
      _connectionType: 0
      _typeConstraint: 0
      _dynamic: 0
    - _fieldName: exit
      _node: {fileID: -6041211475371330690}
      _typeQualifiedName: System.Int32, mscorlib, Version=4.0.0.0, Culture=neutral,
        PublicKeyToken=b77a5c561934e089
      connections:
      - fieldName: entry
        node: {fileID: 5699045424207227627}
        reroutePoints: []
      _direction: 1
      _connectionType: 0
      _typeConstraint: 0
      _dynamic: 0
  entry: 0
  exit: 0
  _dialogue: A closet without any cloth inside.
  _waitFor: 3
  _event: {fileID: 11400000, guid: ae549ba1eb84efe489acdfce0d5156d6, type: 2}
--- !u!114 &-6005861385085117372
MonoBehaviour:
  m_ObjectHideFlags: 0
  m_CorrespondingSourceObject: {fileID: 0}
  m_PrefabInstance: {fileID: 0}
  m_PrefabAsset: {fileID: 0}
  m_GameObject: {fileID: 0}
  m_Enabled: 1
  m_EditorHideFlags: 0
  m_Script: {fileID: 11500000, guid: ec259ae6ecafa5849af21bed4ec0ebd4, type: 3}
  m_Name: Branch
  m_EditorClassIdentifier: 
  graph: {fileID: 11400000}
  position: {x: 1560, y: -136}
  ports:
    keys:
    - entry
    - _keyWordSet
    - _keyWordSet 0
    - _keyWordSet 1
    - _keyWordSet 2
    - _keyWordSet 3
    - _keyWordSet 4
    values:
    - _fieldName: entry
      _node: {fileID: -6005861385085117372}
      _typeQualifiedName: System.Int32, mscorlib, Version=4.0.0.0, Culture=neutral,
        PublicKeyToken=b77a5c561934e089
      connections:
      - fieldName: exit
        node: {fileID: 5609000856121640100}
        reroutePoints: []
      _direction: 0
      _connectionType: 0
      _typeConstraint: 0
      _dynamic: 0
    - _fieldName: _keyWordSet
      _node: {fileID: -6005861385085117372}
      _typeQualifiedName: KeyWordSet[], Assembly-CSharp, Version=0.0.0.0, Culture=neutral,
        PublicKeyToken=null
      connections: []
      _direction: 1
      _connectionType: 0
      _typeConstraint: 0
      _dynamic: 0
    - _fieldName: _keyWordSet 0
      _node: {fileID: -6005861385085117372}
      _typeQualifiedName: KeyWordSet[], Assembly-CSharp, Version=0.0.0.0, Culture=neutral,
        PublicKeyToken=null
      connections:
      - fieldName: entry
        node: {fileID: 9018077904973920583}
        reroutePoints: []
      _direction: 1
      _connectionType: 0
      _typeConstraint: 0
      _dynamic: 1
    - _fieldName: _keyWordSet 1
      _node: {fileID: -6005861385085117372}
      _typeQualifiedName: KeyWordSet[], Assembly-CSharp, Version=0.0.0.0, Culture=neutral,
        PublicKeyToken=null
      connections:
      - fieldName: entry
        node: {fileID: 8988808571512971881}
        reroutePoints: []
      _direction: 1
      _connectionType: 0
      _typeConstraint: 0
      _dynamic: 1
    - _fieldName: _keyWordSet 2
      _node: {fileID: -6005861385085117372}
      _typeQualifiedName: KeyWordSet[], Assembly-CSharp, Version=0.0.0.0, Culture=neutral,
        PublicKeyToken=null
      connections:
      - fieldName: entry
        node: {fileID: 4137497854928629163}
        reroutePoints: []
      _direction: 1
      _connectionType: 0
      _typeConstraint: 0
      _dynamic: 1
    - _fieldName: _keyWordSet 3
      _node: {fileID: -6005861385085117372}
      _typeQualifiedName: KeyWordSet[], Assembly-CSharp, Version=0.0.0.0, Culture=neutral,
        PublicKeyToken=null
      connections:
      - fieldName: entry
        node: {fileID: -7568364293078206977}
        reroutePoints: []
      _direction: 1
      _connectionType: 0
      _typeConstraint: 0
      _dynamic: 1
    - _fieldName: _keyWordSet 4
      _node: {fileID: -6005861385085117372}
      _typeQualifiedName: KeyWordSet[], Assembly-CSharp, Version=0.0.0.0, Culture=neutral,
        PublicKeyToken=null
      connections:
      - fieldName: entry
        node: {fileID: 2847962365479959627}
        reroutePoints: []
      _direction: 1
      _connectionType: 0
      _typeConstraint: 0
      _dynamic: 1
  entry: 0
  _keyWordSet:
  - _keyAnswer: bed
    _WordSet: 1
  - _keyAnswer: bookcase
    _WordSet: 1
  - _keyAnswer: paper
    _WordSet: 1
  - _keyAnswer: table
    _WordSet: 1
  - _keyAnswer: closet
    _WordSet: 1
  _event: {fileID: 0}
--- !u!114 &-5763476599176954299
MonoBehaviour:
  m_ObjectHideFlags: 0
  m_CorrespondingSourceObject: {fileID: 0}
  m_PrefabInstance: {fileID: 0}
  m_PrefabAsset: {fileID: 0}
  m_GameObject: {fileID: 0}
  m_Enabled: 1
  m_EditorHideFlags: 0
  m_Script: {fileID: 11500000, guid: 10a59fdd0077d464f9e665872e9a046f, type: 3}
  m_Name: Dialogue
  m_EditorClassIdentifier: 
  graph: {fileID: 11400000}
  position: {x: 4024, y: -24}
  ports:
    keys:
    - entry
    - exit
    values:
    - _fieldName: entry
      _node: {fileID: -5763476599176954299}
      _typeQualifiedName: System.Int32, mscorlib, Version=4.0.0.0, Culture=neutral,
        PublicKeyToken=b77a5c561934e089
      connections:
      - fieldName: _keyWordSet 2
        node: {fileID: 3906125423530098335}
        reroutePoints: []
      _direction: 0
      _connectionType: 0
      _typeConstraint: 0
      _dynamic: 0
    - _fieldName: exit
      _node: {fileID: -5763476599176954299}
      _typeQualifiedName: System.Int32, mscorlib, Version=4.0.0.0, Culture=neutral,
        PublicKeyToken=b77a5c561934e089
      connections:
      - fieldName: entry
        node: {fileID: 7921938446578733098}
        reroutePoints: []
      _direction: 1
      _connectionType: 0
      _typeConstraint: 0
      _dynamic: 0
  entry: 0
  exit: 0
  _dialogue: "\u201CUse these commands, INSPECT, INTERACT or USE, MOVE, on this terminal
    and things will become clearer\u201D this was written on the paper."
  _waitFor: 7
  _event: {fileID: 11400000, guid: 7e4a640638f365f4f8fa889f9954bc51, type: 2}
--- !u!114 &-5645252610454613496
MonoBehaviour:
  m_ObjectHideFlags: 0
  m_CorrespondingSourceObject: {fileID: 0}
  m_PrefabInstance: {fileID: 0}
  m_PrefabAsset: {fileID: 0}
  m_GameObject: {fileID: 0}
  m_Enabled: 1
  m_EditorHideFlags: 0
  m_Script: {fileID: 11500000, guid: 10a59fdd0077d464f9e665872e9a046f, type: 3}
  m_Name: Dialogue
  m_EditorClassIdentifier: 
  graph: {fileID: 11400000}
  position: {x: 2824, y: 216}
  ports:
    keys:
    - entry
    - exit
    values:
    - _fieldName: entry
      _node: {fileID: -5645252610454613496}
      _typeQualifiedName: System.Int32, mscorlib, Version=4.0.0.0, Culture=neutral,
        PublicKeyToken=b77a5c561934e089
      connections:
      - fieldName: _keyWordSet 3
        node: {fileID: -4544795630428780248}
        reroutePoints: []
      _direction: 0
      _connectionType: 0
      _typeConstraint: 0
      _dynamic: 0
    - _fieldName: exit
      _node: {fileID: -5645252610454613496}
      _typeQualifiedName: System.Int32, mscorlib, Version=4.0.0.0, Culture=neutral,
        PublicKeyToken=b77a5c561934e089
      connections:
      - fieldName: entry
        node: {fileID: 3404292175154371061}
        reroutePoints: []
      _direction: 1
      _connectionType: 0
      _typeConstraint: 0
      _dynamic: 0
  entry: 0
  exit: 0
  _dialogue: "\u201CUse these commands, INSPECT, INTERACT or USE, MOVE, on this terminal
    and things will become clearer\u201D this was written on the paper."
  _waitFor: 7
  _event: {fileID: 11400000, guid: 7e4a640638f365f4f8fa889f9954bc51, type: 2}
--- !u!114 &-5137913057374231654
MonoBehaviour:
  m_ObjectHideFlags: 0
  m_CorrespondingSourceObject: {fileID: 0}
  m_PrefabInstance: {fileID: 0}
  m_PrefabAsset: {fileID: 0}
  m_GameObject: {fileID: 0}
  m_Enabled: 1
  m_EditorHideFlags: 0
  m_Script: {fileID: 11500000, guid: 6a37811023d81a94891d67fbc63f8abc, type: 3}
  m_Name: Empty
  m_EditorClassIdentifier: 
  graph: {fileID: 11400000}
  position: {x: 2184, y: -872}
  ports:
    keys:
    - entry
    - exit
    values:
    - _fieldName: entry
      _node: {fileID: -5137913057374231654}
      _typeQualifiedName: System.Int32, mscorlib, Version=4.0.0.0, Culture=neutral,
        PublicKeyToken=b77a5c561934e089
      connections:
      - fieldName: exit
        node: {fileID: 4137497854928629163}
        reroutePoints: []
      - fieldName: exit
        node: {fileID: -7568364293078206977}
        reroutePoints: []
      - fieldName: exit
        node: {fileID: 9018077904973920583}
        reroutePoints: []
      - fieldName: exit
        node: {fileID: 2847962365479959627}
        reroutePoints: []
      _direction: 0
      _connectionType: 0
      _typeConstraint: 0
      _dynamic: 0
    - _fieldName: exit
      _node: {fileID: -5137913057374231654}
      _typeQualifiedName: System.Int32, mscorlib, Version=4.0.0.0, Culture=neutral,
        PublicKeyToken=b77a5c561934e089
      connections:
      - fieldName: entry
        node: {fileID: -1255746299892380563}
        reroutePoints: []
      _direction: 1
      _connectionType: 0
      _typeConstraint: 0
      _dynamic: 0
  entry: 0
  exit: 0
--- !u!114 &-4646310284532446676
MonoBehaviour:
  m_ObjectHideFlags: 0
  m_CorrespondingSourceObject: {fileID: 0}
  m_PrefabInstance: {fileID: 0}
  m_PrefabAsset: {fileID: 0}
  m_GameObject: {fileID: 0}
  m_Enabled: 1
  m_EditorHideFlags: 0
  m_Script: {fileID: 11500000, guid: 10a59fdd0077d464f9e665872e9a046f, type: 3}
  m_Name: Dialogue
  m_EditorClassIdentifier: 
  graph: {fileID: 11400000}
  position: {x: 4024, y: 1032}
  ports:
    keys:
    - entry
    - exit
    values:
    - _fieldName: entry
      _node: {fileID: -4646310284532446676}
      _typeQualifiedName: System.Int32, mscorlib, Version=4.0.0.0, Culture=neutral,
        PublicKeyToken=b77a5c561934e089
      connections:
      - fieldName: _keyWordSet 6
        node: {fileID: 3906125423530098335}
        reroutePoints: []
      _direction: 0
      _connectionType: 0
      _typeConstraint: 0
      _dynamic: 0
    - _fieldName: exit
      _node: {fileID: -4646310284532446676}
      _typeQualifiedName: System.Int32, mscorlib, Version=4.0.0.0, Culture=neutral,
        PublicKeyToken=b77a5c561934e089
      connections:
      - fieldName: entry
        node: {fileID: 7921938446578733098}
        reroutePoints: []
      _direction: 1
      _connectionType: 0
      _typeConstraint: 0
      _dynamic: 0
  entry: 0
  exit: 0
  _dialogue: A closet without any cloth inside.
  _waitFor: 3
  _event: {fileID: 11400000, guid: ae549ba1eb84efe489acdfce0d5156d6, type: 2}
--- !u!114 &-4544795630428780248
MonoBehaviour:
  m_ObjectHideFlags: 0
  m_CorrespondingSourceObject: {fileID: 0}
  m_PrefabInstance: {fileID: 0}
  m_PrefabAsset: {fileID: 0}
  m_GameObject: {fileID: 0}
  m_Enabled: 1
  m_EditorHideFlags: 0
  m_Script: {fileID: 11500000, guid: ec259ae6ecafa5849af21bed4ec0ebd4, type: 3}
  m_Name: Branch
  m_EditorClassIdentifier: 
  graph: {fileID: 11400000}
  position: {x: 2504, y: -136}
  ports:
    keys:
    - entry
    - _keyWordSet
    - _keyWordSet 0
    - _keyWordSet 1
    - _keyWordSet 2
    - _keyWordSet 3
    - _keyWordSet 4
    - _keyWordSet 5
    values:
    - _fieldName: entry
      _node: {fileID: -4544795630428780248}
      _typeQualifiedName: System.Int32, mscorlib, Version=4.0.0.0, Culture=neutral,
        PublicKeyToken=b77a5c561934e089
      connections:
      - fieldName: exit
        node: {fileID: 5223319485718179233}
        reroutePoints: []
      _direction: 0
      _connectionType: 0
      _typeConstraint: 0
      _dynamic: 0
    - _fieldName: _keyWordSet
      _node: {fileID: -4544795630428780248}
      _typeQualifiedName: KeyWordSet[], Assembly-CSharp, Version=0.0.0.0, Culture=neutral,
        PublicKeyToken=null
      connections: []
      _direction: 1
      _connectionType: 0
      _typeConstraint: 0
      _dynamic: 0
    - _fieldName: _keyWordSet 0
      _node: {fileID: -4544795630428780248}
      _typeQualifiedName: KeyWordSet[], Assembly-CSharp, Version=0.0.0.0, Culture=neutral,
        PublicKeyToken=null
      connections:
      - fieldName: entry
        node: {fileID: 3189018139975304120}
        reroutePoints: []
      _direction: 1
      _connectionType: 0
      _typeConstraint: 0
      _dynamic: 1
    - _fieldName: _keyWordSet 1
      _node: {fileID: -4544795630428780248}
      _typeQualifiedName: KeyWordSet[], Assembly-CSharp, Version=0.0.0.0, Culture=neutral,
        PublicKeyToken=null
      connections:
      - fieldName: entry
        node: {fileID: 7474522243500395516}
        reroutePoints: []
      _direction: 1
      _connectionType: 0
      _typeConstraint: 0
      _dynamic: 1
    - _fieldName: _keyWordSet 2
      _node: {fileID: -4544795630428780248}
      _typeQualifiedName: KeyWordSet[], Assembly-CSharp, Version=0.0.0.0, Culture=neutral,
        PublicKeyToken=null
      connections:
      - fieldName: entry
        node: {fileID: -6881346467235888311}
        reroutePoints: []
      _direction: 1
      _connectionType: 0
      _typeConstraint: 0
      _dynamic: 1
    - _fieldName: _keyWordSet 3
      _node: {fileID: -4544795630428780248}
      _typeQualifiedName: KeyWordSet[], Assembly-CSharp, Version=0.0.0.0, Culture=neutral,
        PublicKeyToken=null
      connections:
      - fieldName: entry
        node: {fileID: -5645252610454613496}
        reroutePoints: []
      _direction: 1
      _connectionType: 0
      _typeConstraint: 0
      _dynamic: 1
    - _fieldName: _keyWordSet 4
      _node: {fileID: -4544795630428780248}
      _typeQualifiedName: KeyWordSet[], Assembly-CSharp, Version=0.0.0.0, Culture=neutral,
        PublicKeyToken=null
      connections:
      - fieldName: entry
        node: {fileID: 442034744007116666}
        reroutePoints: []
      _direction: 1
      _connectionType: 0
      _typeConstraint: 0
      _dynamic: 1
    - _fieldName: _keyWordSet 5
      _node: {fileID: -4544795630428780248}
      _typeQualifiedName: KeyWordSet[], Assembly-CSharp, Version=0.0.0.0, Culture=neutral,
        PublicKeyToken=null
      connections:
      - fieldName: entry
        node: {fileID: -8422323279539651237}
        reroutePoints: []
      _direction: 1
      _connectionType: 0
      _typeConstraint: 0
      _dynamic: 1
  entry: 0
  _keyWordSet:
  - _keyAnswer: bed
    _WordSet: 1
  - _keyAnswer: bookcase
    _WordSet: 1
  - _keyAnswer: bookcase
    _WordSet: 3
  - _keyAnswer: paper
    _WordSet: 1
  - _keyAnswer: table
    _WordSet: 1
  - _keyAnswer: closet
    _WordSet: 1
  _event: {fileID: 0}
--- !u!114 &-4026008946551543908
MonoBehaviour:
  m_ObjectHideFlags: 0
  m_CorrespondingSourceObject: {fileID: 0}
  m_PrefabInstance: {fileID: 0}
  m_PrefabAsset: {fileID: 0}
  m_GameObject: {fileID: 0}
  m_Enabled: 1
  m_EditorHideFlags: 0
  m_Script: {fileID: 11500000, guid: e472c09c2d8d830459a655d393d8dd6b, type: 3}
  m_Name: Start
  m_EditorClassIdentifier: 
  graph: {fileID: 11400000}
  position: {x: -536, y: -136}
  ports:
    keys:
    - exit
    values:
    - _fieldName: exit
      _node: {fileID: -4026008946551543908}
      _typeQualifiedName: System.Int32, mscorlib, Version=4.0.0.0, Culture=neutral,
        PublicKeyToken=b77a5c561934e089
      connections:
      - fieldName: entry
        node: {fileID: 7789176201791360181}
        reroutePoints: []
      _direction: 1
      _connectionType: 0
      _typeConstraint: 0
      _dynamic: 0
  exit: 0
--- !u!114 &-3770319152434766171
MonoBehaviour:
  m_ObjectHideFlags: 0
  m_CorrespondingSourceObject: {fileID: 0}
  m_PrefabInstance: {fileID: 0}
  m_PrefabAsset: {fileID: 0}
  m_GameObject: {fileID: 0}
  m_Enabled: 1
  m_EditorHideFlags: 0
  m_Script: {fileID: 11500000, guid: ec259ae6ecafa5849af21bed4ec0ebd4, type: 3}
  m_Name: Branch
  m_EditorClassIdentifier: 
  graph: {fileID: 11400000}
  position: {x: 5496, y: 1400}
  ports:
    keys:
    - entry
    - _keyWordSet
    - _keyWordSet 0
    - _keyWordSet 1
    values:
    - _fieldName: entry
      _node: {fileID: -3770319152434766171}
      _typeQualifiedName: System.Int32, mscorlib, Version=4.0.0.0, Culture=neutral,
        PublicKeyToken=b77a5c561934e089
      connections:
      - fieldName: exit
        node: {fileID: -8500318706274493387}
        reroutePoints: []
      _direction: 0
      _connectionType: 0
      _typeConstraint: 0
      _dynamic: 0
    - _fieldName: _keyWordSet
      _node: {fileID: -3770319152434766171}
      _typeQualifiedName: KeyWordSet[], Assembly-CSharp, Version=0.0.0.0, Culture=neutral,
        PublicKeyToken=null
      connections: []
      _direction: 1
      _connectionType: 0
      _typeConstraint: 0
      _dynamic: 0
    - _fieldName: _keyWordSet 0
      _node: {fileID: -3770319152434766171}
      _typeQualifiedName: KeyWordSet[], Assembly-CSharp, Version=0.0.0.0, Culture=neutral,
        PublicKeyToken=null
      connections:
      - fieldName: entry
        node: {fileID: 8226661946561666048}
        reroutePoints: []
      _direction: 1
      _connectionType: 0
      _typeConstraint: 0
      _dynamic: 1
    - _fieldName: _keyWordSet 1
      _node: {fileID: -3770319152434766171}
      _typeQualifiedName: KeyWordSet[], Assembly-CSharp, Version=0.0.0.0, Culture=neutral,
        PublicKeyToken=null
      connections: []
      _direction: 1
      _connectionType: 0
      _typeConstraint: 0
      _dynamic: 1
  entry: 0
  _keyWordSet:
  - _keyAnswer: Yes
    _WordSet: 4
  - _keyAnswer: No
    _WordSet: 4
  _event: {fileID: 0}
--- !u!114 &-3600131387495013050
MonoBehaviour:
  m_ObjectHideFlags: 0
  m_CorrespondingSourceObject: {fileID: 0}
  m_PrefabInstance: {fileID: 0}
  m_PrefabAsset: {fileID: 0}
  m_GameObject: {fileID: 0}
  m_Enabled: 1
  m_EditorHideFlags: 0
  m_Script: {fileID: 11500000, guid: 6a37811023d81a94891d67fbc63f8abc, type: 3}
  m_Name: Empty
  m_EditorClassIdentifier: 
  graph: {fileID: 11400000}
  position: {x: 2600, y: -872}
  ports:
    keys:
    - entry
    - exit
    values:
    - _fieldName: entry
      _node: {fileID: -3600131387495013050}
      _typeQualifiedName: System.Int32, mscorlib, Version=4.0.0.0, Culture=neutral,
        PublicKeyToken=b77a5c561934e089
      connections:
      - fieldName: exit
        node: {fileID: 3404292175154371061}
        reroutePoints: []
      _direction: 0
      _connectionType: 0
      _typeConstraint: 0
      _dynamic: 0
    - _fieldName: exit
      _node: {fileID: -3600131387495013050}
      _typeQualifiedName: System.Int32, mscorlib, Version=4.0.0.0, Culture=neutral,
        PublicKeyToken=b77a5c561934e089
      connections:
      - fieldName: entry
        node: {fileID: 5223319485718179233}
        reroutePoints: []
      _direction: 1
      _connectionType: 0
      _typeConstraint: 0
      _dynamic: 0
  entry: 0
  exit: 0
--- !u!114 &-2990235722070292104
MonoBehaviour:
  m_ObjectHideFlags: 0
  m_CorrespondingSourceObject: {fileID: 0}
  m_PrefabInstance: {fileID: 0}
  m_PrefabAsset: {fileID: 0}
  m_GameObject: {fileID: 0}
  m_Enabled: 1
  m_EditorHideFlags: 0
  m_Script: {fileID: 11500000, guid: 54d092dbdd758dd4a8554be4833f4094, type: 3}
  m_Name: Event
  m_EditorClassIdentifier: 
  graph: {fileID: 11400000}
  position: {x: 392, y: -88}
  ports:
    keys:
    - entry
    - exit
    values:
    - _fieldName: entry
      _node: {fileID: -2990235722070292104}
      _typeQualifiedName: System.Int32, mscorlib, Version=4.0.0.0, Culture=neutral,
        PublicKeyToken=b77a5c561934e089
      connections:
      - fieldName: _keyWordSet 0
        node: {fileID: -7739794278638969416}
        reroutePoints: []
      _direction: 0
      _connectionType: 0
      _typeConstraint: 0
      _dynamic: 0
    - _fieldName: exit
      _node: {fileID: -2990235722070292104}
      _typeQualifiedName: System.Int32, mscorlib, Version=4.0.0.0, Culture=neutral,
        PublicKeyToken=b77a5c561934e089
      connections:
      - fieldName: entry
        node: {fileID: -6467953651266673273}
        reroutePoints: []
      _direction: 1
      _connectionType: 0
      _typeConstraint: 0
      _dynamic: 0
  entry: 0
  exit: 0
  _event: {fileID: 11400000, guid: 03a6ec9ea2460194ca1ff62499bd09b9, type: 2}
--- !u!114 &-2590994115064261992
MonoBehaviour:
  m_ObjectHideFlags: 0
  m_CorrespondingSourceObject: {fileID: 0}
  m_PrefabInstance: {fileID: 0}
  m_PrefabAsset: {fileID: 0}
  m_GameObject: {fileID: 0}
  m_Enabled: 1
  m_EditorHideFlags: 0
  m_Script: {fileID: 11500000, guid: 54d092dbdd758dd4a8554be4833f4094, type: 3}
  m_Name: Event
  m_EditorClassIdentifier: 
  graph: {fileID: 11400000}
  position: {x: 1080, y: -88}
  ports:
    keys:
    - entry
    - exit
    values:
    - _fieldName: entry
      _node: {fileID: -2590994115064261992}
      _typeQualifiedName: System.Int32, mscorlib, Version=4.0.0.0, Culture=neutral,
        PublicKeyToken=b77a5c561934e089
      connections:
      - fieldName: _keyWordSet 0
        node: {fileID: 3653726664188356131}
        reroutePoints: []
      _direction: 0
      _connectionType: 0
      _typeConstraint: 0
      _dynamic: 0
    - _fieldName: exit
      _node: {fileID: -2590994115064261992}
      _typeQualifiedName: System.Int32, mscorlib, Version=4.0.0.0, Culture=neutral,
        PublicKeyToken=b77a5c561934e089
      connections:
      - fieldName: entry
        node: {fileID: 5609000856121640100}
        reroutePoints: []
      _direction: 1
      _connectionType: 0
      _typeConstraint: 0
      _dynamic: 0
  entry: 0
  exit: 0
  _event: {fileID: 11400000, guid: 7700ccd4bec2f45469a7cd449a920b5e, type: 2}
--- !u!114 &-2337562704997756014
MonoBehaviour:
  m_ObjectHideFlags: 0
  m_CorrespondingSourceObject: {fileID: 0}
  m_PrefabInstance: {fileID: 0}
  m_PrefabAsset: {fileID: 0}
  m_GameObject: {fileID: 0}
  m_Enabled: 1
  m_EditorHideFlags: 0
  m_Script: {fileID: 11500000, guid: 10a59fdd0077d464f9e665872e9a046f, type: 3}
  m_Name: Dialogue
  m_EditorClassIdentifier: 
  graph: {fileID: 11400000}
  position: {x: 5224, y: 200}
  ports:
    keys:
    - entry
    - exit
    values:
    - _fieldName: entry
      _node: {fileID: -2337562704997756014}
      _typeQualifiedName: System.Int32, mscorlib, Version=4.0.0.0, Culture=neutral,
        PublicKeyToken=b77a5c561934e089
      connections:
      - fieldName: _keyWordSet 2
        node: {fileID: 4555810392811373097}
        reroutePoints: []
      _direction: 0
      _connectionType: 0
      _typeConstraint: 0
      _dynamic: 0
    - _fieldName: exit
      _node: {fileID: -2337562704997756014}
      _typeQualifiedName: System.Int32, mscorlib, Version=4.0.0.0, Culture=neutral,
        PublicKeyToken=b77a5c561934e089
      connections:
      - fieldName: entry
        node: {fileID: 5699045424207227627}
        reroutePoints: []
      _direction: 1
      _connectionType: 0
      _typeConstraint: 0
      _dynamic: 0
  entry: 0
  exit: 0
  _dialogue: "\u201CUse these commands, INSPECT, INTERACT or USE, MOVE, on this terminal
    and things will become clearer\u201D this was written on the paper."
  _waitFor: 7
  _event: {fileID: 11400000, guid: 7e4a640638f365f4f8fa889f9954bc51, type: 2}
--- !u!114 &-1255746299892380563
MonoBehaviour:
  m_ObjectHideFlags: 0
  m_CorrespondingSourceObject: {fileID: 0}
  m_PrefabInstance: {fileID: 0}
  m_PrefabAsset: {fileID: 0}
  m_GameObject: {fileID: 0}
  m_Enabled: 1
  m_EditorHideFlags: 0
  m_Script: {fileID: 11500000, guid: 6a37811023d81a94891d67fbc63f8abc, type: 3}
  m_Name: Empty
  m_EditorClassIdentifier: 
  graph: {fileID: 11400000}
  position: {x: 1112, y: -696}
  ports:
    keys:
    - entry
    - exit
    values:
    - _fieldName: entry
      _node: {fileID: -1255746299892380563}
      _typeQualifiedName: System.Int32, mscorlib, Version=4.0.0.0, Culture=neutral,
        PublicKeyToken=b77a5c561934e089
      connections:
      - fieldName: exit
        node: {fileID: -5137913057374231654}
        reroutePoints: []
      _direction: 0
      _connectionType: 0
      _typeConstraint: 0
      _dynamic: 0
    - _fieldName: exit
      _node: {fileID: -1255746299892380563}
      _typeQualifiedName: System.Int32, mscorlib, Version=4.0.0.0, Culture=neutral,
        PublicKeyToken=b77a5c561934e089
      connections:
      - fieldName: entry
        node: {fileID: 5609000856121640100}
        reroutePoints: []
      _direction: 1
      _connectionType: 0
      _typeConstraint: 0
      _dynamic: 0
  entry: 0
  exit: 0
--- !u!114 &11400000
MonoBehaviour:
  m_ObjectHideFlags: 0
  m_CorrespondingSourceObject: {fileID: 0}
  m_PrefabInstance: {fileID: 0}
  m_PrefabAsset: {fileID: 0}
  m_GameObject: {fileID: 0}
  m_Enabled: 1
  m_EditorHideFlags: 0
  m_Script: {fileID: 11500000, guid: dcc0f3ac7a8137d4c90245cec6d13a92, type: 3}
  m_Name: Dialogue_Prototype_Start
  m_EditorClassIdentifier: 
  nodes:
  - {fileID: -4026008946551543908}
  - {fileID: 7789176201791360181}
  - {fileID: 4830207890639889128}
  - {fileID: -7739794278638969416}
  - {fileID: -2990235722070292104}
  - {fileID: -6467953651266673273}
  - {fileID: 3653726664188356131}
  - {fileID: -2590994115064261992}
  - {fileID: 5609000856121640100}
  - {fileID: -6005861385085117372}
  - {fileID: -7568364293078206977}
  - {fileID: 4137497854928629163}
  - {fileID: 8988808571512971881}
  - {fileID: 9018077904973920583}
  - {fileID: -5137913057374231654}
  - {fileID: -1255746299892380563}
  - {fileID: 5223319485718179233}
  - {fileID: -4544795630428780248}
  - {fileID: 3404292175154371061}
  - {fileID: -6881346467235888311}
  - {fileID: 5476008093440069696}
  - {fileID: 442034744007116666}
  - {fileID: -5645252610454613496}
  - {fileID: 7474522243500395516}
  - {fileID: 3189018139975304120}
  - {fileID: -3600131387495013050}
  - {fileID: -7917901316491352049}
  - {fileID: 3906125423530098335}
  - {fileID: 1124851661508350991}
  - {fileID: -5763476599176954299}
  - {fileID: 8606040159887506690}
  - {fileID: 2435635334328184773}
  - {fileID: 7921938446578733098}
  - {fileID: 2479602953956539099}
  - {fileID: -8317121165773309222}
  - {fileID: 4555810392811373097}
  - {fileID: 2721974056658716144}
  - {fileID: -2337562704997756014}
  - {fileID: -8505821684423261400}
  - {fileID: -9112250359856622313}
  - {fileID: 5699045424207227627}
  - {fileID: 8634963800486800479}
  - {fileID: 6917787913988546886}
  - {fileID: 9123689669116673592}
  - {fileID: -8500318706274493387}
  - {fileID: -3770319152434766171}
  - {fileID: 8226661946561666048}
  - {fileID: 2847962365479959627}
  - {fileID: -8422323279539651237}
  - {fileID: -4646310284532446676}
  - {fileID: -6041211475371330690}
  current: {fileID: 4830207890639889128}
--- !u!114 &442034744007116666
MonoBehaviour:
  m_ObjectHideFlags: 0
  m_CorrespondingSourceObject: {fileID: 0}
  m_PrefabInstance: {fileID: 0}
  m_PrefabAsset: {fileID: 0}
  m_GameObject: {fileID: 0}
  m_Enabled: 1
  m_EditorHideFlags: 0
  m_Script: {fileID: 11500000, guid: 10a59fdd0077d464f9e665872e9a046f, type: 3}
  m_Name: Dialogue
  m_EditorClassIdentifier: 
  graph: {fileID: 11400000}
  position: {x: 2824, y: 488}
  ports:
    keys:
    - entry
    - exit
    values:
    - _fieldName: entry
      _node: {fileID: 442034744007116666}
      _typeQualifiedName: System.Int32, mscorlib, Version=4.0.0.0, Culture=neutral,
        PublicKeyToken=b77a5c561934e089
      connections:
      - fieldName: _keyWordSet 4
        node: {fileID: -4544795630428780248}
        reroutePoints: []
      _direction: 0
      _connectionType: 0
      _typeConstraint: 0
      _dynamic: 0
    - _fieldName: exit
      _node: {fileID: 442034744007116666}
      _typeQualifiedName: System.Int32, mscorlib, Version=4.0.0.0, Culture=neutral,
        PublicKeyToken=b77a5c561934e089
      connections:
      - fieldName: entry
        node: {fileID: 3404292175154371061}
        reroutePoints: []
      _direction: 1
      _connectionType: 0
      _typeConstraint: 0
      _dynamic: 0
  entry: 0
  exit: 0
  _dialogue: A weird shape table with a vintage looking computer on it.
  _waitFor: 3
  _event: {fileID: 11400000, guid: 36bc911c82338cf4f88f8e06d4676d4d, type: 2}
--- !u!114 &1124851661508350991
MonoBehaviour:
  m_ObjectHideFlags: 0
  m_CorrespondingSourceObject: {fileID: 0}
  m_PrefabInstance: {fileID: 0}
  m_PrefabAsset: {fileID: 0}
  m_GameObject: {fileID: 0}
  m_Enabled: 1
  m_EditorHideFlags: 0
  m_Script: {fileID: 11500000, guid: 10a59fdd0077d464f9e665872e9a046f, type: 3}
  m_Name: Dialogue
  m_EditorClassIdentifier: 
  graph: {fileID: 11400000}
  position: {x: 4024, y: 248}
  ports:
    keys:
    - entry
    - exit
    values:
    - _fieldName: entry
      _node: {fileID: 1124851661508350991}
      _typeQualifiedName: System.Int32, mscorlib, Version=4.0.0.0, Culture=neutral,
        PublicKeyToken=b77a5c561934e089
      connections:
      - fieldName: _keyWordSet 3
        node: {fileID: 3906125423530098335}
        reroutePoints: []
      _direction: 0
      _connectionType: 0
      _typeConstraint: 0
      _dynamic: 0
    - _fieldName: exit
      _node: {fileID: 1124851661508350991}
      _typeQualifiedName: System.Int32, mscorlib, Version=4.0.0.0, Culture=neutral,
        PublicKeyToken=b77a5c561934e089
      connections:
      - fieldName: entry
        node: {fileID: 7921938446578733098}
        reroutePoints: []
      _direction: 1
      _connectionType: 0
      _typeConstraint: 0
      _dynamic: 0
  entry: 0
  exit: 0
  _dialogue: A weird shape table with a vintage looking computer on it.
  _waitFor: 3
  _event: {fileID: 11400000, guid: 36bc911c82338cf4f88f8e06d4676d4d, type: 2}
--- !u!114 &2435635334328184773
MonoBehaviour:
  m_ObjectHideFlags: 0
  m_CorrespondingSourceObject: {fileID: 0}
  m_PrefabInstance: {fileID: 0}
  m_PrefabAsset: {fileID: 0}
  m_GameObject: {fileID: 0}
  m_Enabled: 1
  m_EditorHideFlags: 0
  m_Script: {fileID: 11500000, guid: 10a59fdd0077d464f9e665872e9a046f, type: 3}
  m_Name: Dialogue
  m_EditorClassIdentifier: 
  graph: {fileID: 11400000}
  position: {x: 4024, y: -568}
  ports:
    keys:
    - entry
    - exit
    values:
    - _fieldName: entry
      _node: {fileID: 2435635334328184773}
      _typeQualifiedName: System.Int32, mscorlib, Version=4.0.0.0, Culture=neutral,
        PublicKeyToken=b77a5c561934e089
      connections:
      - fieldName: _keyWordSet 0
        node: {fileID: 3906125423530098335}
        reroutePoints: []
      _direction: 0
      _connectionType: 0
      _typeConstraint: 0
      _dynamic: 0
    - _fieldName: exit
      _node: {fileID: 2435635334328184773}
      _typeQualifiedName: System.Int32, mscorlib, Version=4.0.0.0, Culture=neutral,
        PublicKeyToken=b77a5c561934e089
      connections:
      - fieldName: entry
        node: {fileID: 7921938446578733098}
        reroutePoints: []
      _direction: 1
      _connectionType: 0
      _typeConstraint: 0
      _dynamic: 0
  entry: 0
  exit: 0
  _dialogue: A plain looking bed, nothing worth mentioning.
  _waitFor: 3
  _event: {fileID: 11400000, guid: c6acf588c68f1ef46a3e5ced7d4a343c, type: 2}
--- !u!114 &2479602953956539099
MonoBehaviour:
  m_ObjectHideFlags: 0
  m_CorrespondingSourceObject: {fileID: 0}
  m_PrefabInstance: {fileID: 0}
  m_PrefabAsset: {fileID: 0}
  m_GameObject: {fileID: 0}
  m_Enabled: 1
  m_EditorHideFlags: 0
  m_Script: {fileID: 11500000, guid: 6a37811023d81a94891d67fbc63f8abc, type: 3}
  m_Name: Empty
  m_EditorClassIdentifier: 
  graph: {fileID: 11400000}
  position: {x: 3640, y: -856}
  ports:
    keys:
    - entry
    - exit
    values:
    - _fieldName: entry
      _node: {fileID: 2479602953956539099}
      _typeQualifiedName: System.Int32, mscorlib, Version=4.0.0.0, Culture=neutral,
        PublicKeyToken=b77a5c561934e089
      connections:
      - fieldName: exit
        node: {fileID: 7921938446578733098}
        reroutePoints: []
      _direction: 0
      _connectionType: 0
      _typeConstraint: 0
      _dynamic: 0
    - _fieldName: exit
      _node: {fileID: 2479602953956539099}
      _typeQualifiedName: System.Int32, mscorlib, Version=4.0.0.0, Culture=neutral,
        PublicKeyToken=b77a5c561934e089
      connections:
      - fieldName: entry
        node: {fileID: 5476008093440069696}
        reroutePoints: []
      _direction: 1
      _connectionType: 0
      _typeConstraint: 0
      _dynamic: 0
  entry: 0
  exit: 0
--- !u!114 &2721974056658716144
MonoBehaviour:
  m_ObjectHideFlags: 0
  m_CorrespondingSourceObject: {fileID: 0}
  m_PrefabInstance: {fileID: 0}
  m_PrefabAsset: {fileID: 0}
  m_GameObject: {fileID: 0}
  m_Enabled: 1
  m_EditorHideFlags: 0
  m_Script: {fileID: 11500000, guid: 10a59fdd0077d464f9e665872e9a046f, type: 3}
  m_Name: Dialogue
  m_EditorClassIdentifier: 
  graph: {fileID: 11400000}
  position: {x: 5224, y: 472}
  ports:
    keys:
    - entry
    - exit
    values:
    - _fieldName: entry
      _node: {fileID: 2721974056658716144}
      _typeQualifiedName: System.Int32, mscorlib, Version=4.0.0.0, Culture=neutral,
        PublicKeyToken=b77a5c561934e089
      connections:
      - fieldName: _keyWordSet 3
        node: {fileID: 4555810392811373097}
        reroutePoints: []
      _direction: 0
      _connectionType: 0
      _typeConstraint: 0
      _dynamic: 0
    - _fieldName: exit
      _node: {fileID: 2721974056658716144}
      _typeQualifiedName: System.Int32, mscorlib, Version=4.0.0.0, Culture=neutral,
        PublicKeyToken=b77a5c561934e089
      connections:
      - fieldName: entry
        node: {fileID: 5699045424207227627}
        reroutePoints: []
      _direction: 1
      _connectionType: 0
      _typeConstraint: 0
      _dynamic: 0
  entry: 0
  exit: 0
  _dialogue: A weird shape table with a vintage looking computer on it.
  _waitFor: 3
  _event: {fileID: 11400000, guid: 36bc911c82338cf4f88f8e06d4676d4d, type: 2}
--- !u!114 &2847962365479959627
MonoBehaviour:
  m_ObjectHideFlags: 0
  m_CorrespondingSourceObject: {fileID: 0}
  m_PrefabInstance: {fileID: 0}
  m_PrefabAsset: {fileID: 0}
  m_GameObject: {fileID: 0}
  m_Enabled: 1
  m_EditorHideFlags: 0
  m_Script: {fileID: 11500000, guid: 10a59fdd0077d464f9e665872e9a046f, type: 3}
  m_Name: Dialogue
  m_EditorClassIdentifier: 
  graph: {fileID: 11400000}
  position: {x: 1880, y: 488}
  ports:
    keys:
    - entry
    - exit
    values:
    - _fieldName: entry
      _node: {fileID: 2847962365479959627}
      _typeQualifiedName: System.Int32, mscorlib, Version=4.0.0.0, Culture=neutral,
        PublicKeyToken=b77a5c561934e089
      connections:
      - fieldName: _keyWordSet 4
        node: {fileID: -6005861385085117372}
        reroutePoints: []
      _direction: 0
      _connectionType: 0
      _typeConstraint: 0
      _dynamic: 0
    - _fieldName: exit
      _node: {fileID: 2847962365479959627}
      _typeQualifiedName: System.Int32, mscorlib, Version=4.0.0.0, Culture=neutral,
        PublicKeyToken=b77a5c561934e089
      connections:
      - fieldName: entry
        node: {fileID: -5137913057374231654}
        reroutePoints: []
      _direction: 1
      _connectionType: 0
      _typeConstraint: 0
      _dynamic: 0
  entry: 0
  exit: 0
  _dialogue: A closet without any cloth inside.
  _waitFor: 3
  _event: {fileID: 11400000, guid: ae549ba1eb84efe489acdfce0d5156d6, type: 2}
--- !u!114 &3189018139975304120
MonoBehaviour:
  m_ObjectHideFlags: 0
  m_CorrespondingSourceObject: {fileID: 0}
  m_PrefabInstance: {fileID: 0}
  m_PrefabAsset: {fileID: 0}
  m_GameObject: {fileID: 0}
  m_Enabled: 1
  m_EditorHideFlags: 0
  m_Script: {fileID: 11500000, guid: 10a59fdd0077d464f9e665872e9a046f, type: 3}
  m_Name: Dialogue
  m_EditorClassIdentifier: 
  graph: {fileID: 11400000}
  position: {x: 2824, y: -600}
  ports:
    keys:
    - entry
    - exit
    values:
    - _fieldName: entry
      _node: {fileID: 3189018139975304120}
      _typeQualifiedName: System.Int32, mscorlib, Version=4.0.0.0, Culture=neutral,
        PublicKeyToken=b77a5c561934e089
      connections:
      - fieldName: _keyWordSet 0
        node: {fileID: -4544795630428780248}
        reroutePoints: []
      _direction: 0
      _connectionType: 0
      _typeConstraint: 0
      _dynamic: 0
    - _fieldName: exit
      _node: {fileID: 3189018139975304120}
      _typeQualifiedName: System.Int32, mscorlib, Version=4.0.0.0, Culture=neutral,
        PublicKeyToken=b77a5c561934e089
      connections:
      - fieldName: entry
        node: {fileID: 3404292175154371061}
        reroutePoints: []
      _direction: 1
      _connectionType: 0
      _typeConstraint: 0
      _dynamic: 0
  entry: 0
  exit: 0
  _dialogue: A plain looking bed, nothing worth mentioning.
  _waitFor: 3
  _event: {fileID: 11400000, guid: c6acf588c68f1ef46a3e5ced7d4a343c, type: 2}
--- !u!114 &3404292175154371061
MonoBehaviour:
  m_ObjectHideFlags: 0
  m_CorrespondingSourceObject: {fileID: 0}
  m_PrefabInstance: {fileID: 0}
  m_PrefabAsset: {fileID: 0}
  m_GameObject: {fileID: 0}
  m_Enabled: 1
  m_EditorHideFlags: 0
  m_Script: {fileID: 11500000, guid: 6a37811023d81a94891d67fbc63f8abc, type: 3}
  m_Name: Empty
  m_EditorClassIdentifier: 
  graph: {fileID: 11400000}
  position: {x: 3192, y: -888}
  ports:
    keys:
    - entry
    - exit
    values:
    - _fieldName: entry
      _node: {fileID: 3404292175154371061}
      _typeQualifiedName: System.Int32, mscorlib, Version=4.0.0.0, Culture=neutral,
        PublicKeyToken=b77a5c561934e089
      connections:
      - fieldName: exit
        node: {fileID: 3189018139975304120}
        reroutePoints: []
      - fieldName: exit
        node: {fileID: 7474522243500395516}
        reroutePoints: []
      - fieldName: exit
        node: {fileID: -5645252610454613496}
        reroutePoints: []
      - fieldName: exit
        node: {fileID: 442034744007116666}
        reroutePoints: []
      - fieldName: exit
        node: {fileID: -8422323279539651237}
        reroutePoints: []
      _direction: 0
      _connectionType: 0
      _typeConstraint: 0
      _dynamic: 0
    - _fieldName: exit
      _node: {fileID: 3404292175154371061}
      _typeQualifiedName: System.Int32, mscorlib, Version=4.0.0.0, Culture=neutral,
        PublicKeyToken=b77a5c561934e089
      connections:
      - fieldName: entry
        node: {fileID: -3600131387495013050}
        reroutePoints: []
      _direction: 1
      _connectionType: 0
      _typeConstraint: 0
      _dynamic: 0
  entry: 0
  exit: 0
--- !u!114 &3653726664188356131
MonoBehaviour:
  m_ObjectHideFlags: 0
  m_CorrespondingSourceObject: {fileID: 0}
  m_PrefabInstance: {fileID: 0}
  m_PrefabAsset: {fileID: 0}
  m_GameObject: {fileID: 0}
  m_Enabled: 1
  m_EditorHideFlags: 0
  m_Script: {fileID: 11500000, guid: ec259ae6ecafa5849af21bed4ec0ebd4, type: 3}
  m_Name: Branch
  m_EditorClassIdentifier: 
  graph: {fileID: 11400000}
  position: {x: 856, y: -136}
  ports:
    keys:
    - entry
    - _keyWordSet
    - _keyWordSet 0
    values:
    - _fieldName: entry
      _node: {fileID: 3653726664188356131}
      _typeQualifiedName: System.Int32, mscorlib, Version=4.0.0.0, Culture=neutral,
        PublicKeyToken=b77a5c561934e089
      connections:
      - fieldName: exit
        node: {fileID: -6467953651266673273}
        reroutePoints: []
      _direction: 0
      _connectionType: 0
      _typeConstraint: 0
      _dynamic: 0
    - _fieldName: _keyWordSet
      _node: {fileID: 3653726664188356131}
      _typeQualifiedName: KeyWordSet[], Assembly-CSharp, Version=0.0.0.0, Culture=neutral,
        PublicKeyToken=null
      connections: []
      _direction: 1
      _connectionType: 0
      _typeConstraint: 0
      _dynamic: 0
    - _fieldName: _keyWordSet 0
      _node: {fileID: 3653726664188356131}
      _typeQualifiedName: KeyWordSet[], Assembly-CSharp, Version=0.0.0.0, Culture=neutral,
        PublicKeyToken=null
      connections:
      - fieldName: entry
        node: {fileID: -2590994115064261992}
        reroutePoints: []
      _direction: 1
      _connectionType: 0
      _typeConstraint: 0
      _dynamic: 1
  entry: 0
  _keyWordSet:
  - _keyAnswer: room
    _WordSet: 1
  _event: {fileID: 0}
--- !u!114 &3906125423530098335
MonoBehaviour:
  m_ObjectHideFlags: 0
  m_CorrespondingSourceObject: {fileID: 0}
  m_PrefabInstance: {fileID: 0}
  m_PrefabAsset: {fileID: 0}
  m_GameObject: {fileID: 0}
  m_Enabled: 1
  m_EditorHideFlags: 0
  m_Script: {fileID: 11500000, guid: ec259ae6ecafa5849af21bed4ec0ebd4, type: 3}
  m_Name: Branch
  m_EditorClassIdentifier: 
  graph: {fileID: 11400000}
  position: {x: 3704, y: -104}
  ports:
    keys:
    - entry
    - _keyWordSet
    - _keyWordSet 0
    - _keyWordSet 1
    - _keyWordSet 2
    - _keyWordSet 3
    - _keyWordSet 4
    - _keyWordSet 5
    - _keyWordSet 6
    values:
    - _fieldName: entry
      _node: {fileID: 3906125423530098335}
      _typeQualifiedName: System.Int32, mscorlib, Version=4.0.0.0, Culture=neutral,
        PublicKeyToken=b77a5c561934e089
      connections:
      - fieldName: exit
        node: {fileID: 5476008093440069696}
        reroutePoints: []
      _direction: 0
      _connectionType: 0
      _typeConstraint: 0
      _dynamic: 0
    - _fieldName: _keyWordSet
      _node: {fileID: 3906125423530098335}
      _typeQualifiedName: KeyWordSet[], Assembly-CSharp, Version=0.0.0.0, Culture=neutral,
        PublicKeyToken=null
      connections: []
      _direction: 1
      _connectionType: 0
      _typeConstraint: 0
      _dynamic: 0
    - _fieldName: _keyWordSet 0
      _node: {fileID: 3906125423530098335}
      _typeQualifiedName: KeyWordSet[], Assembly-CSharp, Version=0.0.0.0, Culture=neutral,
        PublicKeyToken=null
      connections:
      - fieldName: entry
        node: {fileID: 2435635334328184773}
        reroutePoints: []
      _direction: 1
      _connectionType: 0
      _typeConstraint: 0
      _dynamic: 1
    - _fieldName: _keyWordSet 1
      _node: {fileID: 3906125423530098335}
      _typeQualifiedName: KeyWordSet[], Assembly-CSharp, Version=0.0.0.0, Culture=neutral,
        PublicKeyToken=null
      connections:
      - fieldName: entry
        node: {fileID: 8606040159887506690}
        reroutePoints: []
      _direction: 1
      _connectionType: 0
      _typeConstraint: 0
      _dynamic: 1
    - _fieldName: _keyWordSet 2
      _node: {fileID: 3906125423530098335}
      _typeQualifiedName: KeyWordSet[], Assembly-CSharp, Version=0.0.0.0, Culture=neutral,
        PublicKeyToken=null
      connections:
      - fieldName: entry
        node: {fileID: -5763476599176954299}
        reroutePoints: []
      _direction: 1
      _connectionType: 0
      _typeConstraint: 0
      _dynamic: 1
    - _fieldName: _keyWordSet 3
      _node: {fileID: 3906125423530098335}
      _typeQualifiedName: KeyWordSet[], Assembly-CSharp, Version=0.0.0.0, Culture=neutral,
        PublicKeyToken=null
      connections:
      - fieldName: entry
        node: {fileID: 1124851661508350991}
        reroutePoints: []
      _direction: 1
      _connectionType: 0
      _typeConstraint: 0
      _dynamic: 1
    - _fieldName: _keyWordSet 4
      _node: {fileID: 3906125423530098335}
      _typeQualifiedName: KeyWordSet[], Assembly-CSharp, Version=0.0.0.0, Culture=neutral,
        PublicKeyToken=null
      connections:
      - fieldName: entry
        node: {fileID: 6917787913988546886}
        reroutePoints: []
      _direction: 1
      _connectionType: 0
      _typeConstraint: 0
      _dynamic: 1
    - _fieldName: _keyWordSet 5
      _node: {fileID: 3906125423530098335}
      _typeQualifiedName: KeyWordSet[], Assembly-CSharp, Version=0.0.0.0, Culture=neutral,
        PublicKeyToken=null
      connections:
      - fieldName: entry
        node: {fileID: -8317121165773309222}
        reroutePoints: []
      _direction: 1
      _connectionType: 0
      _typeConstraint: 0
      _dynamic: 1
    - _fieldName: _keyWordSet 6
      _node: {fileID: 3906125423530098335}
      _typeQualifiedName: KeyWordSet[], Assembly-CSharp, Version=0.0.0.0, Culture=neutral,
        PublicKeyToken=null
      connections:
      - fieldName: entry
        node: {fileID: -4646310284532446676}
        reroutePoints: []
      _direction: 1
      _connectionType: 0
      _typeConstraint: 0
      _dynamic: 1
  entry: 0
  _keyWordSet:
  - _keyAnswer: bed
    _WordSet: 1
  - _keyAnswer: bookcase
    _WordSet: 1
  - _keyAnswer: paper
    _WordSet: 1
  - _keyAnswer: table
    _WordSet: 1
  - _keyAnswer: door
    _WordSet: 1
  - _keyAnswer: door
    _WordSet: 2
  - _keyAnswer: closet
    _WordSet: 1
  _event: {fileID: 0}
--- !u!114 &4137497854928629163
MonoBehaviour:
  m_ObjectHideFlags: 0
  m_CorrespondingSourceObject: {fileID: 0}
  m_PrefabInstance: {fileID: 0}
  m_PrefabAsset: {fileID: 0}
  m_GameObject: {fileID: 0}
  m_Enabled: 1
  m_EditorHideFlags: 0
  m_Script: {fileID: 11500000, guid: 10a59fdd0077d464f9e665872e9a046f, type: 3}
  m_Name: Dialogue
  m_EditorClassIdentifier: 
  graph: {fileID: 11400000}
  position: {x: 1880, y: -56}
  ports:
    keys:
    - entry
    - exit
    values:
    - _fieldName: entry
      _node: {fileID: 4137497854928629163}
      _typeQualifiedName: System.Int32, mscorlib, Version=4.0.0.0, Culture=neutral,
        PublicKeyToken=b77a5c561934e089
      connections:
      - fieldName: _keyWordSet 2
        node: {fileID: -6005861385085117372}
        reroutePoints: []
      _direction: 0
      _connectionType: 0
      _typeConstraint: 0
      _dynamic: 0
    - _fieldName: exit
      _node: {fileID: 4137497854928629163}
      _typeQualifiedName: System.Int32, mscorlib, Version=4.0.0.0, Culture=neutral,
        PublicKeyToken=b77a5c561934e089
      connections:
      - fieldName: entry
        node: {fileID: -5137913057374231654}
        reroutePoints: []
      _direction: 1
      _connectionType: 0
      _typeConstraint: 0
      _dynamic: 0
  entry: 0
  exit: 0
  _dialogue: "\u201CUse these commands, INSPECT, INTERACT or USE, MOVE, on this terminal
    and things will become clearer\u201D this was written on the paper."
  _waitFor: 7
  _event: {fileID: 11400000, guid: 7e4a640638f365f4f8fa889f9954bc51, type: 2}
--- !u!114 &4555810392811373097
MonoBehaviour:
  m_ObjectHideFlags: 0
  m_CorrespondingSourceObject: {fileID: 0}
  m_PrefabInstance: {fileID: 0}
  m_PrefabAsset: {fileID: 0}
  m_GameObject: {fileID: 0}
  m_Enabled: 1
  m_EditorHideFlags: 0
  m_Script: {fileID: 11500000, guid: ec259ae6ecafa5849af21bed4ec0ebd4, type: 3}
  m_Name: Branch
  m_EditorClassIdentifier: 
  graph: {fileID: 11400000}
  position: {x: 4904, y: 120}
  ports:
    keys:
    - entry
    - _keyWordSet
    - _keyWordSet 0
    - _keyWordSet 1
    - _keyWordSet 2
    - _keyWordSet 3
    - _keyWordSet 4
    - _keyWordSet 5
    - _keyWordSet 6
    values:
    - _fieldName: entry
      _node: {fileID: 4555810392811373097}
      _typeQualifiedName: System.Int32, mscorlib, Version=4.0.0.0, Culture=neutral,
        PublicKeyToken=b77a5c561934e089
      connections:
      - fieldName: exit
        node: {fileID: 8634963800486800479}
        reroutePoints: []
      - fieldName: exit
        node: {fileID: -8317121165773309222}
        reroutePoints: []
      _direction: 0
      _connectionType: 0
      _typeConstraint: 0
      _dynamic: 0
    - _fieldName: _keyWordSet
      _node: {fileID: 4555810392811373097}
      _typeQualifiedName: KeyWordSet[], Assembly-CSharp, Version=0.0.0.0, Culture=neutral,
        PublicKeyToken=null
      connections: []
      _direction: 1
      _connectionType: 0
      _typeConstraint: 0
      _dynamic: 0
    - _fieldName: _keyWordSet 0
      _node: {fileID: 4555810392811373097}
      _typeQualifiedName: KeyWordSet[], Assembly-CSharp, Version=0.0.0.0, Culture=neutral,
        PublicKeyToken=null
      connections:
      - fieldName: entry
        node: {fileID: -9112250359856622313}
        reroutePoints: []
      _direction: 1
      _connectionType: 0
      _typeConstraint: 0
      _dynamic: 1
    - _fieldName: _keyWordSet 1
      _node: {fileID: 4555810392811373097}
      _typeQualifiedName: KeyWordSet[], Assembly-CSharp, Version=0.0.0.0, Culture=neutral,
        PublicKeyToken=null
      connections:
      - fieldName: entry
        node: {fileID: -8505821684423261400}
        reroutePoints: []
      _direction: 1
      _connectionType: 0
      _typeConstraint: 0
      _dynamic: 1
    - _fieldName: _keyWordSet 2
      _node: {fileID: 4555810392811373097}
      _typeQualifiedName: KeyWordSet[], Assembly-CSharp, Version=0.0.0.0, Culture=neutral,
        PublicKeyToken=null
      connections:
      - fieldName: entry
        node: {fileID: -2337562704997756014}
        reroutePoints: []
      _direction: 1
      _connectionType: 0
      _typeConstraint: 0
      _dynamic: 1
    - _fieldName: _keyWordSet 3
      _node: {fileID: 4555810392811373097}
      _typeQualifiedName: KeyWordSet[], Assembly-CSharp, Version=0.0.0.0, Culture=neutral,
        PublicKeyToken=null
      connections:
      - fieldName: entry
        node: {fileID: 2721974056658716144}
        reroutePoints: []
      _direction: 1
      _connectionType: 0
      _typeConstraint: 0
      _dynamic: 1
    - _fieldName: _keyWordSet 4
      _node: {fileID: 4555810392811373097}
      _typeQualifiedName: KeyWordSet[], Assembly-CSharp, Version=0.0.0.0, Culture=neutral,
        PublicKeyToken=null
      connections:
      - fieldName: entry
        node: {fileID: 9123689669116673592}
        reroutePoints: []
      _direction: 1
      _connectionType: 0
      _typeConstraint: 0
      _dynamic: 1
    - _fieldName: _keyWordSet 5
      _node: {fileID: 4555810392811373097}
      _typeQualifiedName: KeyWordSet[], Assembly-CSharp, Version=0.0.0.0, Culture=neutral,
        PublicKeyToken=null
      connections:
      - fieldName: entry
        node: {fileID: -8500318706274493387}
        reroutePoints: []
      _direction: 1
      _connectionType: 0
      _typeConstraint: 0
      _dynamic: 1
    - _fieldName: _keyWordSet 6
      _node: {fileID: 4555810392811373097}
      _typeQualifiedName: KeyWordSet[], Assembly-CSharp, Version=0.0.0.0, Culture=neutral,
        PublicKeyToken=null
      connections:
      - fieldName: entry
        node: {fileID: -6041211475371330690}
        reroutePoints: []
      _direction: 1
      _connectionType: 0
      _typeConstraint: 0
      _dynamic: 1
  entry: 0
  _keyWordSet:
  - _keyAnswer: bed
    _WordSet: 1
  - _keyAnswer: bookcase
    _WordSet: 1
  - _keyAnswer: paper
    _WordSet: 1
  - _keyAnswer: table
    _WordSet: 1
  - _keyAnswer: door
    _WordSet: 1
  - _keyAnswer: out
    _WordSet: 3
  - _keyAnswer: closet
    _WordSet: 1
  _event: {fileID: 0}
--- !u!114 &4830207890639889128
MonoBehaviour:
  m_ObjectHideFlags: 0
  m_CorrespondingSourceObject: {fileID: 0}
  m_PrefabInstance: {fileID: 0}
  m_PrefabAsset: {fileID: 0}
  m_GameObject: {fileID: 0}
  m_Enabled: 1
  m_EditorHideFlags: 0
  m_Script: {fileID: 11500000, guid: 10a59fdd0077d464f9e665872e9a046f, type: 3}
  m_Name: Dialogue
  m_EditorClassIdentifier: 
  graph: {fileID: 11400000}
  position: {x: -72, y: -136}
  ports:
    keys:
    - entry
    - exit
    values:
    - _fieldName: entry
      _node: {fileID: 4830207890639889128}
      _typeQualifiedName: System.Int32, mscorlib, Version=4.0.0.0, Culture=neutral,
        PublicKeyToken=b77a5c561934e089
      connections:
      - fieldName: exit
        node: {fileID: 7789176201791360181}
        reroutePoints: []
      _direction: 0
      _connectionType: 0
      _typeConstraint: 0
      _dynamic: 0
    - _fieldName: exit
      _node: {fileID: 4830207890639889128}
      _typeQualifiedName: System.Int32, mscorlib, Version=4.0.0.0, Culture=neutral,
        PublicKeyToken=b77a5c561934e089
      connections:
      - fieldName: entry
        node: {fileID: -7739794278638969416}
        reroutePoints: []
      _direction: 1
      _connectionType: 0
      _typeConstraint: 0
      _dynamic: 0
  entry: 0
  exit: 0
  _dialogue: "You wake up to the darkness around you. It is very dark and you can\u2019t
    see anything except a single lit vintage computer floating in the middle of the
    room.\n\nYou see a word \u201Cuse light switch\u201D on it so you type it in
    . . .\r"
  _waitFor: -5
  _event: {fileID: 0}
--- !u!114 &5223319485718179233
MonoBehaviour:
  m_ObjectHideFlags: 0
  m_CorrespondingSourceObject: {fileID: 0}
  m_PrefabInstance: {fileID: 0}
  m_PrefabAsset: {fileID: 0}
  m_GameObject: {fileID: 0}
  m_Enabled: 1
  m_EditorHideFlags: 0
  m_Script: {fileID: 11500000, guid: 10a59fdd0077d464f9e665872e9a046f, type: 3}
  m_Name: Dialogue
  m_EditorClassIdentifier: 
  graph: {fileID: 11400000}
  position: {x: 2264, y: -136}
  ports:
    keys:
    - entry
    - exit
    values:
    - _fieldName: entry
      _node: {fileID: 5223319485718179233}
      _typeQualifiedName: System.Int32, mscorlib, Version=4.0.0.0, Culture=neutral,
        PublicKeyToken=b77a5c561934e089
      connections:
      - fieldName: exit
        node: {fileID: -3600131387495013050}
        reroutePoints: []
      - fieldName: exit
        node: {fileID: 8988808571512971881}
        reroutePoints: []
      _direction: 0
      _connectionType: 0
      _typeConstraint: 0
      _dynamic: 0
    - _fieldName: exit
      _node: {fileID: 5223319485718179233}
      _typeQualifiedName: System.Int32, mscorlib, Version=4.0.0.0, Culture=neutral,
        PublicKeyToken=b77a5c561934e089
      connections:
      - fieldName: entry
        node: {fileID: -4544795630428780248}
        reroutePoints: []
      _direction: 1
      _connectionType: 0
      _typeConstraint: 0
      _dynamic: 0
  entry: 0
  exit: 0
  _dialogue: The walls are made up of a thick white concrete, same for the floor
    and the ceiling as well. There is a table in front of you with a piece of paper
    on it, a bed at the corner, a bookcase, and a closet.
  _waitFor: -5
  _event: {fileID: 0}
--- !u!114 &5476008093440069696
MonoBehaviour:
  m_ObjectHideFlags: 0
  m_CorrespondingSourceObject: {fileID: 0}
  m_PrefabInstance: {fileID: 0}
  m_PrefabAsset: {fileID: 0}
  m_GameObject: {fileID: 0}
  m_Enabled: 1
  m_EditorHideFlags: 0
  m_Script: {fileID: 11500000, guid: 10a59fdd0077d464f9e665872e9a046f, type: 3}
  m_Name: Dialogue
  m_EditorClassIdentifier: 
  graph: {fileID: 11400000}
  position: {x: 3416, y: -56}
  ports:
    keys:
    - entry
    - exit
    values:
    - _fieldName: entry
      _node: {fileID: 5476008093440069696}
      _typeQualifiedName: System.Int32, mscorlib, Version=4.0.0.0, Culture=neutral,
        PublicKeyToken=b77a5c561934e089
      connections:
      - fieldName: exit
        node: {fileID: -7917901316491352049}
        reroutePoints: []
      - fieldName: exit
        node: {fileID: 2479602953956539099}
        reroutePoints: []
      _direction: 0
      _connectionType: 0
      _typeConstraint: 0
      _dynamic: 0
    - _fieldName: exit
      _node: {fileID: 5476008093440069696}
      _typeQualifiedName: System.Int32, mscorlib, Version=4.0.0.0, Culture=neutral,
        PublicKeyToken=b77a5c561934e089
      connections:
      - fieldName: entry
        node: {fileID: 3906125423530098335}
        reroutePoints: []
      _direction: 1
      _connectionType: 0
      _typeConstraint: 0
      _dynamic: 0
  entry: 0
  exit: 0
  _dialogue: The walls are made up of a thick white concrete, same for the floor
    and the ceiling as well. There is a table in front of you with a piece of paper
    on it, a bed at the corner, a moved bookcase, a closet and a door.
  _waitFor: -5
  _event: {fileID: 0}
--- !u!114 &5609000856121640100
MonoBehaviour:
  m_ObjectHideFlags: 0
  m_CorrespondingSourceObject: {fileID: 0}
  m_PrefabInstance: {fileID: 0}
  m_PrefabAsset: {fileID: 0}
  m_GameObject: {fileID: 0}
  m_Enabled: 1
  m_EditorHideFlags: 0
  m_Script: {fileID: 11500000, guid: 10a59fdd0077d464f9e665872e9a046f, type: 3}
  m_Name: Dialogue
  m_EditorClassIdentifier: 
  graph: {fileID: 11400000}
  position: {x: 1320, y: -136}
  ports:
    keys:
    - entry
    - exit
    values:
    - _fieldName: entry
      _node: {fileID: 5609000856121640100}
      _typeQualifiedName: System.Int32, mscorlib, Version=4.0.0.0, Culture=neutral,
        PublicKeyToken=b77a5c561934e089
      connections:
      - fieldName: exit
        node: {fileID: -2590994115064261992}
        reroutePoints: []
      - fieldName: exit
        node: {fileID: -1255746299892380563}
        reroutePoints: []
      _direction: 0
      _connectionType: 0
      _typeConstraint: 0
      _dynamic: 0
    - _fieldName: exit
      _node: {fileID: 5609000856121640100}
      _typeQualifiedName: System.Int32, mscorlib, Version=4.0.0.0, Culture=neutral,
        PublicKeyToken=b77a5c561934e089
      connections:
      - fieldName: entry
        node: {fileID: -6005861385085117372}
        reroutePoints: []
      _direction: 1
      _connectionType: 0
      _typeConstraint: 0
      _dynamic: 0
  entry: 0
  exit: 0
  _dialogue: The walls are made up of a thick white concrete, same for the floor
    and the ceiling as well. There is a table in front of you with a piece of paper
    on it, a bed at the corner, a bookcase, and a closet.
  _waitFor: -5
  _event: {fileID: 0}
--- !u!114 &5699045424207227627
MonoBehaviour:
  m_ObjectHideFlags: 0
  m_CorrespondingSourceObject: {fileID: 0}
  m_PrefabInstance: {fileID: 0}
  m_PrefabAsset: {fileID: 0}
  m_GameObject: {fileID: 0}
  m_Enabled: 1
  m_EditorHideFlags: 0
  m_Script: {fileID: 11500000, guid: 6a37811023d81a94891d67fbc63f8abc, type: 3}
  m_Name: Empty
  m_EditorClassIdentifier: 
  graph: {fileID: 11400000}
  position: {x: 5528, y: -616}
  ports:
    keys:
    - entry
    - exit
    values:
    - _fieldName: entry
      _node: {fileID: 5699045424207227627}
      _typeQualifiedName: System.Int32, mscorlib, Version=4.0.0.0, Culture=neutral,
        PublicKeyToken=b77a5c561934e089
      connections:
      - fieldName: exit
        node: {fileID: 2721974056658716144}
        reroutePoints: []
      - fieldName: exit
        node: {fileID: -2337562704997756014}
        reroutePoints: []
      - fieldName: exit
        node: {fileID: -8505821684423261400}
        reroutePoints: []
      - fieldName: exit
        node: {fileID: 9123689669116673592}
        reroutePoints: []
      - fieldName: exit
        node: {fileID: -9112250359856622313}
        reroutePoints: []
      - fieldName: exit
        node: {fileID: -6041211475371330690}
        reroutePoints: []
      _direction: 0
      _connectionType: 0
      _typeConstraint: 0
      _dynamic: 0
    - _fieldName: exit
      _node: {fileID: 5699045424207227627}
      _typeQualifiedName: System.Int32, mscorlib, Version=4.0.0.0, Culture=neutral,
        PublicKeyToken=b77a5c561934e089
      connections:
      - fieldName: entry
        node: {fileID: 8634963800486800479}
        reroutePoints: []
      _direction: 1
      _connectionType: 0
      _typeConstraint: 0
      _dynamic: 0
  entry: 0
  exit: 0
--- !u!114 &6917787913988546886
MonoBehaviour:
  m_ObjectHideFlags: 0
  m_CorrespondingSourceObject: {fileID: 0}
  m_PrefabInstance: {fileID: 0}
  m_PrefabAsset: {fileID: 0}
  m_GameObject: {fileID: 0}
  m_Enabled: 1
  m_EditorHideFlags: 0
  m_Script: {fileID: 11500000, guid: 10a59fdd0077d464f9e665872e9a046f, type: 3}
  m_Name: Dialogue
  m_EditorClassIdentifier: 
  graph: {fileID: 11400000}
  position: {x: 4024, y: 504}
  ports:
    keys:
    - entry
    - exit
    values:
    - _fieldName: entry
      _node: {fileID: 6917787913988546886}
      _typeQualifiedName: System.Int32, mscorlib, Version=4.0.0.0, Culture=neutral,
        PublicKeyToken=b77a5c561934e089
      connections:
      - fieldName: _keyWordSet 4
        node: {fileID: 3906125423530098335}
        reroutePoints: []
      _direction: 0
      _connectionType: 0
      _typeConstraint: 0
      _dynamic: 0
    - _fieldName: exit
      _node: {fileID: 6917787913988546886}
      _typeQualifiedName: System.Int32, mscorlib, Version=4.0.0.0, Culture=neutral,
        PublicKeyToken=b77a5c561934e089
      connections:
      - fieldName: entry
        node: {fileID: 7921938446578733098}
        reroutePoints: []
      _direction: 1
      _connectionType: 0
      _typeConstraint: 0
      _dynamic: 0
  entry: 0
  exit: 0
  _dialogue: "It\u2019s a solid concrete door. Maybe you could open it."
  _waitFor: 3
  _event: {fileID: 11400000, guid: 5c3270fa04c37944babd24f4174d76b2, type: 2}
--- !u!114 &7474522243500395516
MonoBehaviour:
  m_ObjectHideFlags: 0
  m_CorrespondingSourceObject: {fileID: 0}
  m_PrefabInstance: {fileID: 0}
  m_PrefabAsset: {fileID: 0}
  m_GameObject: {fileID: 0}
  m_Enabled: 1
  m_EditorHideFlags: 0
  m_Script: {fileID: 11500000, guid: 10a59fdd0077d464f9e665872e9a046f, type: 3}
  m_Name: Dialogue
  m_EditorClassIdentifier: 
  graph: {fileID: 11400000}
  position: {x: 2824, y: -328}
  ports:
    keys:
    - entry
    - exit
    values:
    - _fieldName: entry
      _node: {fileID: 7474522243500395516}
      _typeQualifiedName: System.Int32, mscorlib, Version=4.0.0.0, Culture=neutral,
        PublicKeyToken=b77a5c561934e089
      connections:
      - fieldName: _keyWordSet 1
        node: {fileID: -4544795630428780248}
        reroutePoints: []
      _direction: 0
      _connectionType: 0
      _typeConstraint: 0
      _dynamic: 0
    - _fieldName: exit
      _node: {fileID: 7474522243500395516}
      _typeQualifiedName: System.Int32, mscorlib, Version=4.0.0.0, Culture=neutral,
        PublicKeyToken=b77a5c561934e089
      connections:
      - fieldName: entry
        node: {fileID: 3404292175154371061}
        reroutePoints: []
      _direction: 1
      _connectionType: 0
      _typeConstraint: 0
      _dynamic: 0
  entry: 0
  exit: 0
  _dialogue: There is something about this bookcase. It looks like it could be moved.
  _waitFor: 3
  _event: {fileID: 11400000, guid: 7676b51007e8b414d997dae11ce683b1, type: 2}
--- !u!114 &7789176201791360181
MonoBehaviour:
  m_ObjectHideFlags: 0
  m_CorrespondingSourceObject: {fileID: 0}
  m_PrefabInstance: {fileID: 0}
  m_PrefabAsset: {fileID: 0}
  m_GameObject: {fileID: 0}
  m_Enabled: 1
  m_EditorHideFlags: 0
  m_Script: {fileID: 11500000, guid: 54d092dbdd758dd4a8554be4833f4094, type: 3}
  m_Name: Event
  m_EditorClassIdentifier: 
  graph: {fileID: 11400000}
  position: {x: -296, y: -136}
  ports:
    keys:
    - entry
    - exit
    values:
    - _fieldName: entry
      _node: {fileID: 7789176201791360181}
      _typeQualifiedName: System.Int32, mscorlib, Version=4.0.0.0, Culture=neutral,
        PublicKeyToken=b77a5c561934e089
      connections:
      - fieldName: exit
        node: {fileID: -4026008946551543908}
        reroutePoints: []
      _direction: 0
      _connectionType: 0
      _typeConstraint: 0
      _dynamic: 0
    - _fieldName: exit
      _node: {fileID: 7789176201791360181}
      _typeQualifiedName: System.Int32, mscorlib, Version=4.0.0.0, Culture=neutral,
        PublicKeyToken=b77a5c561934e089
      connections:
      - fieldName: entry
        node: {fileID: 4830207890639889128}
        reroutePoints: []
      _direction: 1
      _connectionType: 0
      _typeConstraint: 0
      _dynamic: 0
  entry: 0
  exit: 0
  _event: {fileID: 11400000, guid: 7fa37924500ef574f91210ec8637716e, type: 2}
--- !u!114 &7921938446578733098
MonoBehaviour:
  m_ObjectHideFlags: 0
  m_CorrespondingSourceObject: {fileID: 0}
  m_PrefabInstance: {fileID: 0}
  m_PrefabAsset: {fileID: 0}
  m_GameObject: {fileID: 0}
  m_Enabled: 1
  m_EditorHideFlags: 0
  m_Script: {fileID: 11500000, guid: 6a37811023d81a94891d67fbc63f8abc, type: 3}
  m_Name: Empty
  m_EditorClassIdentifier: 
  graph: {fileID: 11400000}
  position: {x: 4328, y: -840}
  ports:
    keys:
    - entry
    - exit
    values:
    - _fieldName: entry
      _node: {fileID: 7921938446578733098}
      _typeQualifiedName: System.Int32, mscorlib, Version=4.0.0.0, Culture=neutral,
        PublicKeyToken=b77a5c561934e089
      connections:
      - fieldName: exit
        node: {fileID: 1124851661508350991}
        reroutePoints: []
      - fieldName: exit
        node: {fileID: -5763476599176954299}
        reroutePoints: []
      - fieldName: exit
        node: {fileID: 8606040159887506690}
        reroutePoints: []
      - fieldName: exit
        node: {fileID: 6917787913988546886}
        reroutePoints: []
      - fieldName: exit
        node: {fileID: 2435635334328184773}
        reroutePoints: []
      - fieldName: exit
        node: {fileID: -4646310284532446676}
        reroutePoints: []
      _direction: 0
      _connectionType: 0
      _typeConstraint: 0
      _dynamic: 0
    - _fieldName: exit
      _node: {fileID: 7921938446578733098}
      _typeQualifiedName: System.Int32, mscorlib, Version=4.0.0.0, Culture=neutral,
        PublicKeyToken=b77a5c561934e089
      connections:
      - fieldName: entry
        node: {fileID: 2479602953956539099}
        reroutePoints: []
      _direction: 1
      _connectionType: 0
      _typeConstraint: 0
      _dynamic: 0
  entry: 0
  exit: 0
--- !u!114 &8226661946561666048
MonoBehaviour:
  m_ObjectHideFlags: 0
  m_CorrespondingSourceObject: {fileID: 0}
  m_PrefabInstance: {fileID: 0}
  m_PrefabAsset: {fileID: 0}
  m_GameObject: {fileID: 0}
  m_Enabled: 1
  m_EditorHideFlags: 0
  m_Script: {fileID: 11500000, guid: 766657fcc01c0bb42887cd00b4467784, type: 3}
  m_Name: End
  m_EditorClassIdentifier: 
  graph: {fileID: 11400000}
  position: {x: 5864, y: 1384}
  ports:
    keys:
    - entry
    values:
    - _fieldName: entry
      _node: {fileID: 8226661946561666048}
      _typeQualifiedName: System.Int32, mscorlib, Version=4.0.0.0, Culture=neutral,
        PublicKeyToken=b77a5c561934e089
      connections:
      - fieldName: _keyWordSet 0
        node: {fileID: -3770319152434766171}
        reroutePoints: []
      _direction: 0
      _connectionType: 0
      _typeConstraint: 0
      _dynamic: 0
  entry: 0
--- !u!114 &8606040159887506690
MonoBehaviour:
  m_ObjectHideFlags: 0
  m_CorrespondingSourceObject: {fileID: 0}
  m_PrefabInstance: {fileID: 0}
  m_PrefabAsset: {fileID: 0}
  m_GameObject: {fileID: 0}
  m_Enabled: 1
  m_EditorHideFlags: 0
  m_Script: {fileID: 11500000, guid: 10a59fdd0077d464f9e665872e9a046f, type: 3}
  m_Name: Dialogue
  m_EditorClassIdentifier: 
  graph: {fileID: 11400000}
  position: {x: 4024, y: -296}
  ports:
    keys:
    - entry
    - exit
    values:
    - _fieldName: entry
      _node: {fileID: 8606040159887506690}
      _typeQualifiedName: System.Int32, mscorlib, Version=4.0.0.0, Culture=neutral,
        PublicKeyToken=b77a5c561934e089
      connections:
      - fieldName: _keyWordSet 1
        node: {fileID: 3906125423530098335}
        reroutePoints: []
      _direction: 0
      _connectionType: 0
      _typeConstraint: 0
      _dynamic: 0
    - _fieldName: exit
      _node: {fileID: 8606040159887506690}
      _typeQualifiedName: System.Int32, mscorlib, Version=4.0.0.0, Culture=neutral,
        PublicKeyToken=b77a5c561934e089
      connections:
      - fieldName: entry
        node: {fileID: 7921938446578733098}
        reroutePoints: []
      _direction: 1
      _connectionType: 0
      _typeConstraint: 0
      _dynamic: 0
  entry: 0
  exit: 0
  _dialogue: There is something about this bookcase. It looks like it could be moved.
  _waitFor: 3
  _event: {fileID: 11400000, guid: 7676b51007e8b414d997dae11ce683b1, type: 2}
--- !u!114 &8634963800486800479
MonoBehaviour:
  m_ObjectHideFlags: 0
  m_CorrespondingSourceObject: {fileID: 0}
  m_PrefabInstance: {fileID: 0}
  m_PrefabAsset: {fileID: 0}
  m_GameObject: {fileID: 0}
  m_Enabled: 1
  m_EditorHideFlags: 0
  m_Script: {fileID: 11500000, guid: 6a37811023d81a94891d67fbc63f8abc, type: 3}
  m_Name: Empty
  m_EditorClassIdentifier: 
  graph: {fileID: 11400000}
  position: {x: 4456, y: -440}
  ports:
    keys:
    - entry
    - exit
    values:
    - _fieldName: entry
      _node: {fileID: 8634963800486800479}
      _typeQualifiedName: System.Int32, mscorlib, Version=4.0.0.0, Culture=neutral,
        PublicKeyToken=b77a5c561934e089
      connections:
      - fieldName: exit
        node: {fileID: 5699045424207227627}
        reroutePoints: []
      _direction: 0
      _connectionType: 0
      _typeConstraint: 0
      _dynamic: 0
    - _fieldName: exit
      _node: {fileID: 8634963800486800479}
      _typeQualifiedName: System.Int32, mscorlib, Version=4.0.0.0, Culture=neutral,
        PublicKeyToken=b77a5c561934e089
      connections:
      - fieldName: entry
        node: {fileID: 4555810392811373097}
        reroutePoints: []
      _direction: 1
      _connectionType: 0
      _typeConstraint: 0
      _dynamic: 0
  entry: 0
  exit: 0
--- !u!114 &8988808571512971881
MonoBehaviour:
  m_ObjectHideFlags: 0
  m_CorrespondingSourceObject: {fileID: 0}
  m_PrefabInstance: {fileID: 0}
  m_PrefabAsset: {fileID: 0}
  m_GameObject: {fileID: 0}
  m_Enabled: 1
  m_EditorHideFlags: 0
  m_Script: {fileID: 11500000, guid: 10a59fdd0077d464f9e665872e9a046f, type: 3}
  m_Name: Dialogue
  m_EditorClassIdentifier: 
  graph: {fileID: 11400000}
  position: {x: 1880, y: -328}
  ports:
    keys:
    - entry
    - exit
    values:
    - _fieldName: entry
      _node: {fileID: 8988808571512971881}
      _typeQualifiedName: System.Int32, mscorlib, Version=4.0.0.0, Culture=neutral,
        PublicKeyToken=b77a5c561934e089
      connections:
      - fieldName: _keyWordSet 1
        node: {fileID: -6005861385085117372}
        reroutePoints: []
      _direction: 0
      _connectionType: 0
      _typeConstraint: 0
      _dynamic: 0
    - _fieldName: exit
      _node: {fileID: 8988808571512971881}
      _typeQualifiedName: System.Int32, mscorlib, Version=4.0.0.0, Culture=neutral,
        PublicKeyToken=b77a5c561934e089
      connections:
      - fieldName: entry
        node: {fileID: 5223319485718179233}
        reroutePoints: []
      _direction: 1
      _connectionType: 0
      _typeConstraint: 0
      _dynamic: 0
  entry: 0
  exit: 0
  _dialogue: There is something about this bookcase. It looks like it could be moved.
  _waitFor: 3
  _event: {fileID: 11400000, guid: 7676b51007e8b414d997dae11ce683b1, type: 2}
--- !u!114 &9018077904973920583
MonoBehaviour:
  m_ObjectHideFlags: 0
  m_CorrespondingSourceObject: {fileID: 0}
  m_PrefabInstance: {fileID: 0}
  m_PrefabAsset: {fileID: 0}
  m_GameObject: {fileID: 0}
  m_Enabled: 1
  m_EditorHideFlags: 0
  m_Script: {fileID: 11500000, guid: 10a59fdd0077d464f9e665872e9a046f, type: 3}
  m_Name: Dialogue
  m_EditorClassIdentifier: 
  graph: {fileID: 11400000}
  position: {x: 1880, y: -600}
  ports:
    keys:
    - entry
    - exit
    values:
    - _fieldName: entry
      _node: {fileID: 9018077904973920583}
      _typeQualifiedName: System.Int32, mscorlib, Version=4.0.0.0, Culture=neutral,
        PublicKeyToken=b77a5c561934e089
      connections:
      - fieldName: _keyWordSet 0
        node: {fileID: -6005861385085117372}
        reroutePoints: []
      _direction: 0
      _connectionType: 0
      _typeConstraint: 0
      _dynamic: 0
    - _fieldName: exit
      _node: {fileID: 9018077904973920583}
      _typeQualifiedName: System.Int32, mscorlib, Version=4.0.0.0, Culture=neutral,
        PublicKeyToken=b77a5c561934e089
      connections:
      - fieldName: entry
        node: {fileID: -5137913057374231654}
        reroutePoints: []
      _direction: 1
      _connectionType: 0
      _typeConstraint: 0
      _dynamic: 0
  entry: 0
  exit: 0
  _dialogue: A plain looking bed, nothing worth mentioning.
  _waitFor: 3
  _event: {fileID: 11400000, guid: c6acf588c68f1ef46a3e5ced7d4a343c, type: 2}
--- !u!114 &9123689669116673592
MonoBehaviour:
  m_ObjectHideFlags: 0
  m_CorrespondingSourceObject: {fileID: 0}
  m_PrefabInstance: {fileID: 0}
  m_PrefabAsset: {fileID: 0}
  m_GameObject: {fileID: 0}
  m_Enabled: 1
  m_EditorHideFlags: 0
  m_Script: {fileID: 11500000, guid: 10a59fdd0077d464f9e665872e9a046f, type: 3}
  m_Name: Dialogue
  m_EditorClassIdentifier: 
  graph: {fileID: 11400000}
  position: {x: 5224, y: 744}
  ports:
    keys:
    - entry
    - exit
    values:
    - _fieldName: entry
      _node: {fileID: 9123689669116673592}
      _typeQualifiedName: System.Int32, mscorlib, Version=4.0.0.0, Culture=neutral,
        PublicKeyToken=b77a5c561934e089
      connections:
      - fieldName: _keyWordSet 4
        node: {fileID: 4555810392811373097}
        reroutePoints: []
      _direction: 0
      _connectionType: 0
      _typeConstraint: 0
      _dynamic: 0
    - _fieldName: exit
      _node: {fileID: 9123689669116673592}
      _typeQualifiedName: System.Int32, mscorlib, Version=4.0.0.0, Culture=neutral,
        PublicKeyToken=b77a5c561934e089
      connections:
      - fieldName: entry
        node: {fileID: 5699045424207227627}
        reroutePoints: []
      _direction: 1
      _connectionType: 0
      _typeConstraint: 0
      _dynamic: 0
  entry: 0
  exit: 0
  _dialogue: "It\u2019s a solid steel door."
  _waitFor: 3
  _event: {fileID: 11400000, guid: 5c3270fa04c37944babd24f4174d76b2, type: 2}
