%YAML 1.1
%TAG !u! tag:unity3d.com,2011:
--- !u!243 &-8660288561586339783
AudioMixerGroupController:
  m_ObjectHideFlags: 0
  m_CorrespondingSourceObject: {fileID: 0}
  m_PrefabInstance: {fileID: 0}
  m_PrefabAsset: {fileID: 0}
  m_Name: Effect
  m_AudioMixer: {fileID: 24100000}
  m_GroupID: 0a58edc804f21d04a80520386bc7652e
  m_Children: []
  m_Volume: e9fe904ea2747634b97225bcc47da8c8
  m_Pitch: 07a56dece1d33a3448ddf5ded39a9007
  m_Send: 00000000000000000000000000000000
  m_Effects:
  - {fileID: 8036372632175464135}
  m_UserColorIndex: 0
  m_Mute: 0
  m_Solo: 0
  m_BypassEffects: 0
--- !u!244 &-2682250106913136574
AudioMixerEffectController:
  m_ObjectHideFlags: 3
  m_CorrespondingSourceObject: {fileID: 0}
  m_PrefabInstance: {fileID: 0}
  m_PrefabAsset: {fileID: 0}
  m_Name: 
  m_EffectID: dfd4b9f4e2dd86a4383010bb3ade0590
  m_EffectName: Attenuation
  m_MixLevel: 1bcd122649aa2934bb60f2e5a671d2e4
  m_Parameters: []
  m_SendTarget: {fileID: 0}
  m_EnableWetMix: 0
  m_Bypass: 0
--- !u!241 &24100000
AudioMixerController:
  m_ObjectHideFlags: 0
  m_CorrespondingSourceObject: {fileID: 0}
  m_PrefabInstance: {fileID: 0}
  m_PrefabAsset: {fileID: 0}
  m_Name: SFX_Main
  m_OutputGroup: {fileID: 4331037675897213124, guid: 79d240d2824ebde4c879e86b2ec6b363, type: 2}
  m_MasterGroup: {fileID: 24300002}
  m_Snapshots:
  - {fileID: 24500006}
  m_StartSnapshot: {fileID: 24500006}
  m_SuspendThreshold: -80
  m_EnableSuspend: 1
  m_UpdateMode: 0
  m_ExposedParameters:
  - guid: 1e1cc8cfbd959b94b8efe483e893a45f
    name: SFX_Exposer
  m_AudioMixerGroupViews:
  - guids:
    - aa1130bf629c2f247b388bfba12a9680
    - 0a58edc804f21d04a80520386bc7652e
    - 76d679c7c78543b49b3a45793f5b0bd3
    name: View
  m_CurrentViewIndex: 0
  m_TargetSnapshot: {fileID: 24500006}
--- !u!243 &24300002
AudioMixerGroupController:
  m_ObjectHideFlags: 0
  m_CorrespondingSourceObject: {fileID: 0}
  m_PrefabInstance: {fileID: 0}
  m_PrefabAsset: {fileID: 0}
  m_Name: Master
  m_AudioMixer: {fileID: 24100000}
  m_GroupID: aa1130bf629c2f247b388bfba12a9680
  m_Children:
  - {fileID: -8660288561586339783}
  - {fileID: 5207125007193216550}
  m_Volume: 1e1cc8cfbd959b94b8efe483e893a45f
  m_Pitch: ac5c6dea3779b074cafda46b258af462
  m_Send: 00000000000000000000000000000000
  m_Effects:
  - {fileID: 24400004}
  m_UserColorIndex: 0
  m_Mute: 0
  m_Solo: 0
  m_BypassEffects: 0
--- !u!244 &24400004
AudioMixerEffectController:
  m_ObjectHideFlags: 3
  m_CorrespondingSourceObject: {fileID: 0}
  m_PrefabInstance: {fileID: 0}
  m_PrefabAsset: {fileID: 0}
  m_Name: 
  m_EffectID: 0dbf2078fedd91e4abf8453f77c8c4e9
  m_EffectName: Attenuation
  m_MixLevel: c0cf0a8496497e6499761437c09532eb
  m_Parameters: []
  m_SendTarget: {fileID: 0}
  m_EnableWetMix: 0
  m_Bypass: 0
--- !u!245 &24500006
AudioMixerSnapshotController:
  m_ObjectHideFlags: 0
  m_CorrespondingSourceObject: {fileID: 0}
  m_PrefabInstance: {fileID: 0}
  m_PrefabAsset: {fileID: 0}
  m_Name: Snapshot
  m_AudioMixer: {fileID: 24100000}
  m_SnapshotID: 0007aa819ef3e6e488eea0b059aa043c
  m_FloatValues: {}
  m_TransitionOverrides: {}
--- !u!243 &5207125007193216550
AudioMixerGroupController:
  m_ObjectHideFlags: 0
  m_CorrespondingSourceObject: {fileID: 0}
  m_PrefabInstance: {fileID: 0}
  m_PrefabAsset: {fileID: 0}
  m_Name: Interface
  m_AudioMixer: {fileID: 24100000}
  m_GroupID: 76d679c7c78543b49b3a45793f5b0bd3
  m_Children: []
  m_Volume: dd6a40f43fe9683459da0bba5b314cb5
  m_Pitch: 92de9d8098cb56f41b7c91c94292af8d
  m_Send: 00000000000000000000000000000000
  m_Effects:
  - {fileID: -2682250106913136574}
  m_UserColorIndex: 0
  m_Mute: 0
  m_Solo: 0
  m_BypassEffects: 0
--- !u!244 &8036372632175464135
AudioMixerEffectController:
  m_ObjectHideFlags: 3
  m_CorrespondingSourceObject: {fileID: 0}
  m_PrefabInstance: {fileID: 0}
  m_PrefabAsset: {fileID: 0}
  m_Name: 
  m_EffectID: 26375ef1658c64d4f985290a64807ba2
  m_EffectName: Attenuation
  m_MixLevel: 42b0457ce797866439ecb5835863df65
  m_Parameters: []
  m_SendTarget: {fileID: 0}
  m_EnableWetMix: 0
  m_Bypass: 0
