%YAML 1.1
%TAG !u! tag:unity3d.com,2011:
--- !u!114 &-9143959550980662395
MonoBehaviour:
  m_ObjectHideFlags: 0
  m_CorrespondingSourceObject: {fileID: 0}
  m_PrefabInstance: {fileID: 0}
  m_PrefabAsset: {fileID: 0}
  m_GameObject: {fileID: 0}
  m_Enabled: 1
  m_EditorHideFlags: 0
  m_Script: {fileID: 11500000, guid: 10a59fdd0077d464f9e665872e9a046f, type: 3}
  m_Name: Dialogue
  m_EditorClassIdentifier: 
  graph: {fileID: 11400000}
  position: {x: 6504, y: 3448}
  ports:
    keys:
    - entry
    - exit
    values:
    - _fieldName: entry
      _node: {fileID: -9143959550980662395}
      _typeQualifiedName: System.Int32, mscorlib, Version=4.0.0.0, Culture=neutral,
        PublicKeyToken=b77a5c561934e089
      connections:
      - fieldName: exit
        node: {fileID: -7164450898021279084}
        reroutePoints: []
      _direction: 0
      _connectionType: 0
      _typeConstraint: 0
      _dynamic: 0
    - _fieldName: exit
      _node: {fileID: -9143959550980662395}
      _typeQualifiedName: System.Int32, mscorlib, Version=4.0.0.0, Culture=neutral,
        PublicKeyToken=b77a5c561934e089
      connections:
      - fieldName: entry
        node: {fileID: -907535966701104861}
        reroutePoints: []
      _direction: 1
      _connectionType: 0
      _typeConstraint: 0
      _dynamic: 0
  entry: 0
  exit: 0
  _dialogue: "\u201CWAKING UP\u201D\r\nENDED\r\nTHANK YOU FOR PLAYING\r\nPlease do
    not insert the next tape to continue. . .\r"
  _waitFor: -10
  _event: {fileID: 0}
--- !u!114 &-9015967118201627143
MonoBehaviour:
  m_ObjectHideFlags: 0
  m_CorrespondingSourceObject: {fileID: 0}
  m_PrefabInstance: {fileID: 0}
  m_PrefabAsset: {fileID: 0}
  m_GameObject: {fileID: 0}
  m_Enabled: 1
  m_EditorHideFlags: 0
  m_Script: {fileID: 11500000, guid: ec259ae6ecafa5849af21bed4ec0ebd4, type: 3}
  m_Name: Branch
  m_EditorClassIdentifier: 
  graph: {fileID: 11400000}
  position: {x: 504, y: -8}
  ports:
    keys:
    - entry
    - _keyWordSet
    - _keyWordSet 0
    - _keyWordSet 1
    - _keyWordSet 2
    - _keyWordSet 3
    - _keyWordSet 4
    values:
    - _fieldName: entry
      _node: {fileID: -9015967118201627143}
      _typeQualifiedName: System.Int32, mscorlib, Version=4.0.0.0, Culture=neutral,
        PublicKeyToken=b77a5c561934e089
      connections:
      - fieldName: exit
        node: {fileID: 2285692721328597707}
        reroutePoints: []
      _direction: 0
      _connectionType: 0
      _typeConstraint: 0
      _dynamic: 0
    - _fieldName: _keyWordSet
      _node: {fileID: -9015967118201627143}
      _typeQualifiedName: KeyWordSet[], Assembly-CSharp, Version=0.0.0.0, Culture=neutral,
        PublicKeyToken=null
      connections: []
      _direction: 1
      _connectionType: 0
      _typeConstraint: 0
      _dynamic: 0
    - _fieldName: _keyWordSet 0
      _node: {fileID: -9015967118201627143}
      _typeQualifiedName: KeyWordSet[], Assembly-CSharp, Version=0.0.0.0, Culture=neutral,
        PublicKeyToken=null
      connections:
      - fieldName: entry
        node: {fileID: 4443675092886582372}
        reroutePoints: []
      _direction: 1
      _connectionType: 0
      _typeConstraint: 0
      _dynamic: 1
    - _fieldName: _keyWordSet 1
      _node: {fileID: -9015967118201627143}
      _typeQualifiedName: KeyWordSet[], Assembly-CSharp, Version=0.0.0.0, Culture=neutral,
        PublicKeyToken=null
      connections:
      - fieldName: entry
        node: {fileID: 434372090988763028}
        reroutePoints: []
      _direction: 1
      _connectionType: 0
      _typeConstraint: 0
      _dynamic: 1
    - _fieldName: _keyWordSet 2
      _node: {fileID: -9015967118201627143}
      _typeQualifiedName: KeyWordSet[], Assembly-CSharp, Version=0.0.0.0, Culture=neutral,
        PublicKeyToken=null
      connections:
      - fieldName: entry
        node: {fileID: 1828023143936720842}
        reroutePoints: []
      _direction: 1
      _connectionType: 0
      _typeConstraint: 0
      _dynamic: 1
    - _fieldName: _keyWordSet 3
      _node: {fileID: -9015967118201627143}
      _typeQualifiedName: KeyWordSet[], Assembly-CSharp, Version=0.0.0.0, Culture=neutral,
        PublicKeyToken=null
      connections:
      - fieldName: entry
        node: {fileID: 4516387810049656279}
        reroutePoints: []
      _direction: 1
      _connectionType: 0
      _typeConstraint: 0
      _dynamic: 1
    - _fieldName: _keyWordSet 4
      _node: {fileID: -9015967118201627143}
      _typeQualifiedName: KeyWordSet[], Assembly-CSharp, Version=0.0.0.0, Culture=neutral,
        PublicKeyToken=null
      connections:
      - fieldName: entry
        node: {fileID: -5761634873111531302}
        reroutePoints: []
      _direction: 1
      _connectionType: 0
      _typeConstraint: 0
      _dynamic: 1
  entry: 0
  _keyWordSet:
  - _keyAnswer: bookshelf
    _WordSet: 1
  - _keyAnswer: desk
    _WordSet: 1
  - _keyAnswer: cabinet
    _WordSet: 1
  - _keyAnswer: something shiny
    _WordSet: 1
  - _keyAnswer: something shiny
    _WordSet: 2
  _event: {fileID: 0}
--- !u!114 &-9009896411758195679
MonoBehaviour:
  m_ObjectHideFlags: 0
  m_CorrespondingSourceObject: {fileID: 0}
  m_PrefabInstance: {fileID: 0}
  m_PrefabAsset: {fileID: 0}
  m_GameObject: {fileID: 0}
  m_Enabled: 1
  m_EditorHideFlags: 0
  m_Script: {fileID: 11500000, guid: 10a59fdd0077d464f9e665872e9a046f, type: 3}
  m_Name: Dialogue
  m_EditorClassIdentifier: 
  graph: {fileID: 11400000}
  position: {x: 1080, y: 952}
  ports:
    keys:
    - entry
    - exit
    values:
    - _fieldName: entry
      _node: {fileID: -9009896411758195679}
      _typeQualifiedName: System.Int32, mscorlib, Version=4.0.0.0, Culture=neutral,
        PublicKeyToken=b77a5c561934e089
      connections:
      - fieldName: exit
        node: {fileID: -5761634873111531302}
        reroutePoints: []
      - fieldName: exit
        node: {fileID: -1251665750994180248}
        reroutePoints: []
      _direction: 0
      _connectionType: 0
      _typeConstraint: 0
      _dynamic: 0
    - _fieldName: exit
      _node: {fileID: -9009896411758195679}
      _typeQualifiedName: System.Int32, mscorlib, Version=4.0.0.0, Culture=neutral,
        PublicKeyToken=b77a5c561934e089
      connections:
      - fieldName: entry
        node: {fileID: -8312803867695592599}
        reroutePoints: []
      _direction: 1
      _connectionType: 0
      _typeConstraint: 0
      _dynamic: 0
  entry: 0
  exit: 0
  _dialogue: "In this room, there is a \u2018bookshelf\u2019 on my left, my \u2018desk\u2019,
    and my cabinet on the right. I got the key and now I can unlock \u2018the office
    door\u2019 now."
  _waitFor: -5
  _event: {fileID: 0}
--- !u!114 &-8971469308787097276
MonoBehaviour:
  m_ObjectHideFlags: 0
  m_CorrespondingSourceObject: {fileID: 0}
  m_PrefabInstance: {fileID: 0}
  m_PrefabAsset: {fileID: 0}
  m_GameObject: {fileID: 0}
  m_Enabled: 1
  m_EditorHideFlags: 0
  m_Script: {fileID: 11500000, guid: ec259ae6ecafa5849af21bed4ec0ebd4, type: 3}
  m_Name: Branch
  m_EditorClassIdentifier: 
  graph: {fileID: 11400000}
  position: {x: 3128, y: 2408}
  ports:
    keys:
    - entry
    - _keyWordSet
    - _keyWordSet 0
    - _keyWordSet 1
    - _keyWordSet 2
    values:
    - _fieldName: entry
      _node: {fileID: -8971469308787097276}
      _typeQualifiedName: System.Int32, mscorlib, Version=4.0.0.0, Culture=neutral,
        PublicKeyToken=b77a5c561934e089
      connections:
      - fieldName: exit
        node: {fileID: 225748946108472838}
        reroutePoints: []
      _direction: 0
      _connectionType: 0
      _typeConstraint: 0
      _dynamic: 0
    - _fieldName: _keyWordSet
      _node: {fileID: -8971469308787097276}
      _typeQualifiedName: KeyWordSet[], Assembly-CSharp, Version=0.0.0.0, Culture=neutral,
        PublicKeyToken=null
      connections: []
      _direction: 1
      _connectionType: 0
      _typeConstraint: 0
      _dynamic: 0
    - _fieldName: _keyWordSet 0
      _node: {fileID: -8971469308787097276}
      _typeQualifiedName: KeyWordSet[], Assembly-CSharp, Version=0.0.0.0, Culture=neutral,
        PublicKeyToken=null
      connections:
      - fieldName: entry
        node: {fileID: -3798466452792302031}
        reroutePoints: []
      _direction: 1
      _connectionType: 0
      _typeConstraint: 0
      _dynamic: 1
    - _fieldName: _keyWordSet 1
      _node: {fileID: -8971469308787097276}
      _typeQualifiedName: KeyWordSet[], Assembly-CSharp, Version=0.0.0.0, Culture=neutral,
        PublicKeyToken=null
      connections:
      - fieldName: entry
        node: {fileID: -5393180327975857282}
        reroutePoints: []
      _direction: 1
      _connectionType: 0
      _typeConstraint: 0
      _dynamic: 1
    - _fieldName: _keyWordSet 2
      _node: {fileID: -8971469308787097276}
      _typeQualifiedName: KeyWordSet[], Assembly-CSharp, Version=0.0.0.0, Culture=neutral,
        PublicKeyToken=null
      connections:
      - fieldName: entry
        node: {fileID: -992837267052604551}
        reroutePoints: []
      _direction: 1
      _connectionType: 0
      _typeConstraint: 0
      _dynamic: 1
  entry: 0
  _keyWordSet:
  - _keyAnswer: library
    _WordSet: 3
  - _keyAnswer: gallery
    _WordSet: 3
  - _keyAnswer: bedroom
    _WordSet: 3
  _event: {fileID: 0}
--- !u!114 &-8312803867695592599
MonoBehaviour:
  m_ObjectHideFlags: 0
  m_CorrespondingSourceObject: {fileID: 0}
  m_PrefabInstance: {fileID: 0}
  m_PrefabAsset: {fileID: 0}
  m_GameObject: {fileID: 0}
  m_Enabled: 1
  m_EditorHideFlags: 0
  m_Script: {fileID: 11500000, guid: ec259ae6ecafa5849af21bed4ec0ebd4, type: 3}
  m_Name: Branch
  m_EditorClassIdentifier: 
  graph: {fileID: 11400000}
  position: {x: 1320, y: 968}
  ports:
    keys:
    - entry
    - _keyWordSet
    - _keyWordSet 0
    - _keyWordSet 1
    - _keyWordSet 2
    - _keyWordSet 3
    - _keyWordSet 4
    values:
    - _fieldName: entry
      _node: {fileID: -8312803867695592599}
      _typeQualifiedName: System.Int32, mscorlib, Version=4.0.0.0, Culture=neutral,
        PublicKeyToken=b77a5c561934e089
      connections:
      - fieldName: exit
        node: {fileID: -9009896411758195679}
        reroutePoints: []
      _direction: 0
      _connectionType: 0
      _typeConstraint: 0
      _dynamic: 0
    - _fieldName: _keyWordSet
      _node: {fileID: -8312803867695592599}
      _typeQualifiedName: KeyWordSet[], Assembly-CSharp, Version=0.0.0.0, Culture=neutral,
        PublicKeyToken=null
      connections: []
      _direction: 1
      _connectionType: 0
      _typeConstraint: 0
      _dynamic: 0
    - _fieldName: _keyWordSet 0
      _node: {fileID: -8312803867695592599}
      _typeQualifiedName: KeyWordSet[], Assembly-CSharp, Version=0.0.0.0, Culture=neutral,
        PublicKeyToken=null
      connections:
      - fieldName: entry
        node: {fileID: 1331535173505716590}
        reroutePoints: []
      _direction: 1
      _connectionType: 0
      _typeConstraint: 0
      _dynamic: 1
    - _fieldName: _keyWordSet 1
      _node: {fileID: -8312803867695592599}
      _typeQualifiedName: KeyWordSet[], Assembly-CSharp, Version=0.0.0.0, Culture=neutral,
        PublicKeyToken=null
      connections:
      - fieldName: entry
        node: {fileID: -3382642286989645493}
        reroutePoints: []
      _direction: 1
      _connectionType: 0
      _typeConstraint: 0
      _dynamic: 1
    - _fieldName: _keyWordSet 2
      _node: {fileID: -8312803867695592599}
      _typeQualifiedName: KeyWordSet[], Assembly-CSharp, Version=0.0.0.0, Culture=neutral,
        PublicKeyToken=null
      connections:
      - fieldName: entry
        node: {fileID: 6951667896042517475}
        reroutePoints: []
      _direction: 1
      _connectionType: 0
      _typeConstraint: 0
      _dynamic: 1
    - _fieldName: _keyWordSet 3
      _node: {fileID: -8312803867695592599}
      _typeQualifiedName: KeyWordSet[], Assembly-CSharp, Version=0.0.0.0, Culture=neutral,
        PublicKeyToken=null
      connections:
      - fieldName: entry
        node: {fileID: 2636729081262331072}
        reroutePoints: []
      _direction: 1
      _connectionType: 0
      _typeConstraint: 0
      _dynamic: 1
    - _fieldName: _keyWordSet 4
      _node: {fileID: -8312803867695592599}
      _typeQualifiedName: KeyWordSet[], Assembly-CSharp, Version=0.0.0.0, Culture=neutral,
        PublicKeyToken=null
      connections:
      - fieldName: entry
        node: {fileID: 2636729081262331072}
        reroutePoints: []
      _direction: 1
      _connectionType: 0
      _typeConstraint: 0
      _dynamic: 1
  entry: 0
  _keyWordSet:
  - _keyAnswer: bookshelf
    _WordSet: 1
  - _keyAnswer: desk
    _WordSet: 1
  - _keyAnswer: cabinet
    _WordSet: 1
  - _keyAnswer: office door
    _WordSet: 2
  - _keyAnswer: office door
    _WordSet: 1
  _event: {fileID: 0}
--- !u!114 &-7666479402788594514
MonoBehaviour:
  m_ObjectHideFlags: 0
  m_CorrespondingSourceObject: {fileID: 0}
  m_PrefabInstance: {fileID: 0}
  m_PrefabAsset: {fileID: 0}
  m_GameObject: {fileID: 0}
  m_Enabled: 1
  m_EditorHideFlags: 0
  m_Script: {fileID: 11500000, guid: 10a59fdd0077d464f9e665872e9a046f, type: 3}
  m_Name: Dialogue
  m_EditorClassIdentifier: 
  graph: {fileID: 11400000}
  position: {x: 2360, y: 2072}
  ports:
    keys:
    - entry
    - exit
    values:
    - _fieldName: entry
      _node: {fileID: -7666479402788594514}
      _typeQualifiedName: System.Int32, mscorlib, Version=4.0.0.0, Culture=neutral,
        PublicKeyToken=b77a5c561934e089
      connections:
      - fieldName: _keyWordSet 2
        node: {fileID: -2687718837188143671}
        reroutePoints: []
      _direction: 0
      _connectionType: 0
      _typeConstraint: 0
      _dynamic: 0
    - _fieldName: exit
      _node: {fileID: -7666479402788594514}
      _typeQualifiedName: System.Int32, mscorlib, Version=4.0.0.0, Culture=neutral,
        PublicKeyToken=b77a5c561934e089
      connections:
      - fieldName: entry
        node: {fileID: -5696950938203614840}
        reroutePoints: []
      _direction: 1
      _connectionType: 0
      _typeConstraint: 0
      _dynamic: 0
  entry: 0
  exit: 0
  _dialogue: "This is where I placed all of my work documents. It seems there is
    \u2018something shiny\u2019 in one of the cabinets."
  _waitFor: 3
  _event: {fileID: 0}
--- !u!114 &-7164450898021279084
MonoBehaviour:
  m_ObjectHideFlags: 0
  m_CorrespondingSourceObject: {fileID: 0}
  m_PrefabInstance: {fileID: 0}
  m_PrefabAsset: {fileID: 0}
  m_GameObject: {fileID: 0}
  m_Enabled: 1
  m_EditorHideFlags: 0
  m_Script: {fileID: 11500000, guid: 10a59fdd0077d464f9e665872e9a046f, type: 3}
  m_Name: Dialogue
  m_EditorClassIdentifier: 
  graph: {fileID: 11400000}
  position: {x: 6216, y: 3432}
  ports:
    keys:
    - entry
    - exit
    values:
    - _fieldName: entry
      _node: {fileID: -7164450898021279084}
      _typeQualifiedName: System.Int32, mscorlib, Version=4.0.0.0, Culture=neutral,
        PublicKeyToken=b77a5c561934e089
      connections:
      - fieldName: exit
        node: {fileID: -5459264855141508186}
        reroutePoints: []
      _direction: 0
      _connectionType: 0
      _typeConstraint: 0
      _dynamic: 0
    - _fieldName: exit
      _node: {fileID: -7164450898021279084}
      _typeQualifiedName: System.Int32, mscorlib, Version=4.0.0.0, Culture=neutral,
        PublicKeyToken=b77a5c561934e089
      connections:
      - fieldName: entry
        node: {fileID: -9143959550980662395}
        reroutePoints: []
      _direction: 1
      _connectionType: 0
      _typeConstraint: 0
      _dynamic: 0
  entry: 0
  exit: 0
  _dialogue: You need to wake up, stop this dream, and never come to this place again.
  _waitFor: 4
  _event: {fileID: 0}
--- !u!114 &-7108925995033685816
MonoBehaviour:
  m_ObjectHideFlags: 0
  m_CorrespondingSourceObject: {fileID: 0}
  m_PrefabInstance: {fileID: 0}
  m_PrefabAsset: {fileID: 0}
  m_GameObject: {fileID: 0}
  m_Enabled: 1
  m_EditorHideFlags: 0
  m_Script: {fileID: 11500000, guid: ec259ae6ecafa5849af21bed4ec0ebd4, type: 3}
  m_Name: Branch
  m_EditorClassIdentifier: 
  graph: {fileID: 11400000}
  position: {x: 3736, y: 2808}
  ports:
    keys:
    - entry
    - _keyWordSet
    - _keyWordSet 0
    - _keyWordSet 1
    - _keyWordSet 2
    - _keyWordSet 3
    values:
    - _fieldName: entry
      _node: {fileID: -7108925995033685816}
      _typeQualifiedName: System.Int32, mscorlib, Version=4.0.0.0, Culture=neutral,
        PublicKeyToken=b77a5c561934e089
      connections:
      - fieldName: exit
        node: {fileID: -992837267052604551}
        reroutePoints: []
      _direction: 0
      _connectionType: 0
      _typeConstraint: 0
      _dynamic: 0
    - _fieldName: _keyWordSet
      _node: {fileID: -7108925995033685816}
      _typeQualifiedName: KeyWordSet[], Assembly-CSharp, Version=0.0.0.0, Culture=neutral,
        PublicKeyToken=null
      connections: []
      _direction: 1
      _connectionType: 0
      _typeConstraint: 0
      _dynamic: 0
    - _fieldName: _keyWordSet 0
      _node: {fileID: -7108925995033685816}
      _typeQualifiedName: KeyWordSet[], Assembly-CSharp, Version=0.0.0.0, Culture=neutral,
        PublicKeyToken=null
      connections:
      - fieldName: entry
        node: {fileID: 592273165097921370}
        reroutePoints: []
      _direction: 1
      _connectionType: 0
      _typeConstraint: 0
      _dynamic: 1
    - _fieldName: _keyWordSet 1
      _node: {fileID: -7108925995033685816}
      _typeQualifiedName: KeyWordSet[], Assembly-CSharp, Version=0.0.0.0, Culture=neutral,
        PublicKeyToken=null
      connections:
      - fieldName: entry
        node: {fileID: -4301836860202010934}
        reroutePoints: []
      _direction: 1
      _connectionType: 0
      _typeConstraint: 0
      _dynamic: 1
    - _fieldName: _keyWordSet 2
      _node: {fileID: -7108925995033685816}
      _typeQualifiedName: KeyWordSet[], Assembly-CSharp, Version=0.0.0.0, Culture=neutral,
        PublicKeyToken=null
      connections:
      - fieldName: entry
        node: {fileID: -4301836860202010934}
        reroutePoints: []
      _direction: 1
      _connectionType: 0
      _typeConstraint: 0
      _dynamic: 1
    - _fieldName: _keyWordSet 3
      _node: {fileID: -7108925995033685816}
      _typeQualifiedName: KeyWordSet[], Assembly-CSharp, Version=0.0.0.0, Culture=neutral,
        PublicKeyToken=null
      connections:
      - fieldName: entry
        node: {fileID: -2545536403085495120}
        reroutePoints: []
      _direction: 1
      _connectionType: 0
      _typeConstraint: 0
      _dynamic: 1
  entry: 0
  _keyWordSet:
  - _keyAnswer: shelves
    _WordSet: 1
  - _keyAnswer: safe
    _WordSet: 1
  - _keyAnswer: safe
    _WordSet: 2
  - _keyAnswer: replacement part
    _WordSet: 2
  _event: {fileID: 0}
--- !u!114 &-5761634873111531302
MonoBehaviour:
  m_ObjectHideFlags: 0
  m_CorrespondingSourceObject: {fileID: 0}
  m_PrefabInstance: {fileID: 0}
  m_PrefabAsset: {fileID: 0}
  m_GameObject: {fileID: 0}
  m_Enabled: 1
  m_EditorHideFlags: 0
  m_Script: {fileID: 11500000, guid: 10a59fdd0077d464f9e665872e9a046f, type: 3}
  m_Name: Dialogue
  m_EditorClassIdentifier: 
  graph: {fileID: 11400000}
  position: {x: 776, y: 936}
  ports:
    keys:
    - entry
    - exit
    values:
    - _fieldName: entry
      _node: {fileID: -5761634873111531302}
      _typeQualifiedName: System.Int32, mscorlib, Version=4.0.0.0, Culture=neutral,
        PublicKeyToken=b77a5c561934e089
      connections:
      - fieldName: _keyWordSet 4
        node: {fileID: -9015967118201627143}
        reroutePoints: []
      _direction: 0
      _connectionType: 0
      _typeConstraint: 0
      _dynamic: 0
    - _fieldName: exit
      _node: {fileID: -5761634873111531302}
      _typeQualifiedName: System.Int32, mscorlib, Version=4.0.0.0, Culture=neutral,
        PublicKeyToken=b77a5c561934e089
      connections:
      - fieldName: entry
        node: {fileID: -9009896411758195679}
        reroutePoints: []
      _direction: 1
      _connectionType: 0
      _typeConstraint: 0
      _dynamic: 0
  entry: 0
  exit: 0
  _dialogue: "I got the key to \u2018the office door\u2019 now."
  _waitFor: 2
  _event: {fileID: 0}
--- !u!114 &-5696950938203614840
MonoBehaviour:
  m_ObjectHideFlags: 0
  m_CorrespondingSourceObject: {fileID: 0}
  m_PrefabInstance: {fileID: 0}
  m_PrefabAsset: {fileID: 0}
  m_GameObject: {fileID: 0}
  m_Enabled: 1
  m_EditorHideFlags: 0
  m_Script: {fileID: 11500000, guid: 6a37811023d81a94891d67fbc63f8abc, type: 3}
  m_Name: Empty
  m_EditorClassIdentifier: 
  graph: {fileID: 11400000}
  position: {x: 2712, y: 1640}
  ports:
    keys:
    - entry
    - exit
    values:
    - _fieldName: entry
      _node: {fileID: -5696950938203614840}
      _typeQualifiedName: System.Int32, mscorlib, Version=4.0.0.0, Culture=neutral,
        PublicKeyToken=b77a5c561934e089
      connections:
      - fieldName: exit
        node: {fileID: -10842395096043931}
        reroutePoints: []
      - fieldName: exit
        node: {fileID: -1571496180699213312}
        reroutePoints: []
      - fieldName: exit
        node: {fileID: -7666479402788594514}
        reroutePoints: []
      _direction: 0
      _connectionType: 0
      _typeConstraint: 0
      _dynamic: 0
    - _fieldName: exit
      _node: {fileID: -5696950938203614840}
      _typeQualifiedName: System.Int32, mscorlib, Version=4.0.0.0, Culture=neutral,
        PublicKeyToken=b77a5c561934e089
      connections:
      - fieldName: entry
        node: {fileID: 2930972387370225212}
        reroutePoints:
        - {x: 2890.6511, y: 1449.8704}
        - {x: 1857.8481, y: 1475.1488}
      _direction: 1
      _connectionType: 0
      _typeConstraint: 0
      _dynamic: 0
  entry: 0
  exit: 0
--- !u!114 &-5459264855141508186
MonoBehaviour:
  m_ObjectHideFlags: 0
  m_CorrespondingSourceObject: {fileID: 0}
  m_PrefabInstance: {fileID: 0}
  m_PrefabAsset: {fileID: 0}
  m_GameObject: {fileID: 0}
  m_Enabled: 1
  m_EditorHideFlags: 0
  m_Script: {fileID: 11500000, guid: 10a59fdd0077d464f9e665872e9a046f, type: 3}
  m_Name: Dialogue
  m_EditorClassIdentifier: 
  graph: {fileID: 11400000}
  position: {x: 5944, y: 3416}
  ports:
    keys:
    - entry
    - exit
    values:
    - _fieldName: entry
      _node: {fileID: -5459264855141508186}
      _typeQualifiedName: System.Int32, mscorlib, Version=4.0.0.0, Culture=neutral,
        PublicKeyToken=b77a5c561934e089
      connections:
      - fieldName: exit
        node: {fileID: 9222923073541162392}
        reroutePoints: []
      _direction: 0
      _connectionType: 0
      _typeConstraint: 0
      _dynamic: 0
    - _fieldName: exit
      _node: {fileID: -5459264855141508186}
      _typeQualifiedName: System.Int32, mscorlib, Version=4.0.0.0, Culture=neutral,
        PublicKeyToken=b77a5c561934e089
      connections:
      - fieldName: entry
        node: {fileID: -7164450898021279084}
        reroutePoints: []
      _direction: 1
      _connectionType: 0
      _typeConstraint: 0
      _dynamic: 0
  entry: 0
  exit: 0
  _dialogue: "What happened should stay that way and no matter what you\u2019re trying
    to fix, it won\u2019t work."
  _waitFor: 3
  _event: {fileID: 0}
--- !u!114 &-5393180327975857282
MonoBehaviour:
  m_ObjectHideFlags: 0
  m_CorrespondingSourceObject: {fileID: 0}
  m_PrefabInstance: {fileID: 0}
  m_PrefabAsset: {fileID: 0}
  m_GameObject: {fileID: 0}
  m_Enabled: 1
  m_EditorHideFlags: 0
  m_Script: {fileID: 11500000, guid: 10a59fdd0077d464f9e665872e9a046f, type: 3}
  m_Name: Dialogue
  m_EditorClassIdentifier: 
  graph: {fileID: 11400000}
  position: {x: 3464, y: 2552}
  ports:
    keys:
    - entry
    - exit
    values:
    - _fieldName: entry
      _node: {fileID: -5393180327975857282}
      _typeQualifiedName: System.Int32, mscorlib, Version=4.0.0.0, Culture=neutral,
        PublicKeyToken=b77a5c561934e089
      connections:
      - fieldName: _keyWordSet 1
        node: {fileID: -8971469308787097276}
        reroutePoints: []
      _direction: 0
      _connectionType: 0
      _typeConstraint: 0
      _dynamic: 0
    - _fieldName: exit
      _node: {fileID: -5393180327975857282}
      _typeQualifiedName: System.Int32, mscorlib, Version=4.0.0.0, Culture=neutral,
        PublicKeyToken=b77a5c561934e089
      connections:
      - fieldName: entry
        node: {fileID: -2032207573425898780}
        reroutePoints: []
      _direction: 1
      _connectionType: 0
      _typeConstraint: 0
      _dynamic: 0
  entry: 0
  exit: 0
  _dialogue: "The door is locked? I know I locked the office room but I didn\u2019t
    lock the door to the gallery."
  _waitFor: 2
  _event: {fileID: 0}
--- !u!114 &-5373931029016140730
MonoBehaviour:
  m_ObjectHideFlags: 0
  m_CorrespondingSourceObject: {fileID: 0}
  m_PrefabInstance: {fileID: 0}
  m_PrefabAsset: {fileID: 0}
  m_GameObject: {fileID: 0}
  m_Enabled: 1
  m_EditorHideFlags: 0
  m_Script: {fileID: 11500000, guid: 6a37811023d81a94891d67fbc63f8abc, type: 3}
  m_Name: Empty
  m_EditorClassIdentifier: 
  graph: {fileID: 11400000}
  position: {x: 4360, y: 2936}
  ports:
    keys:
    - entry
    - exit
    values:
    - _fieldName: entry
      _node: {fileID: -5373931029016140730}
      _typeQualifiedName: System.Int32, mscorlib, Version=4.0.0.0, Culture=neutral,
        PublicKeyToken=b77a5c561934e089
      connections:
      - fieldName: exit
        node: {fileID: -4301836860202010934}
        reroutePoints: []
      - fieldName: exit
        node: {fileID: 592273165097921370}
        reroutePoints: []
      _direction: 0
      _connectionType: 0
      _typeConstraint: 0
      _dynamic: 0
    - _fieldName: exit
      _node: {fileID: -5373931029016140730}
      _typeQualifiedName: System.Int32, mscorlib, Version=4.0.0.0, Culture=neutral,
        PublicKeyToken=b77a5c561934e089
      connections:
      - fieldName: entry
        node: {fileID: -992837267052604551}
        reroutePoints:
        - {x: 4538.351, y: 2595.0525}
        - {x: 3766.5803, y: 2632.451}
        - {x: 3705.3826, y: 2823.977}
        - {x: 3457.192, y: 2820.5771}
      _direction: 1
      _connectionType: 0
      _typeConstraint: 0
      _dynamic: 0
  entry: 0
  exit: 0
--- !u!114 &-4710302019809645184
MonoBehaviour:
  m_ObjectHideFlags: 0
  m_CorrespondingSourceObject: {fileID: 0}
  m_PrefabInstance: {fileID: 0}
  m_PrefabAsset: {fileID: 0}
  m_GameObject: {fileID: 0}
  m_Enabled: 1
  m_EditorHideFlags: 0
  m_Script: {fileID: 11500000, guid: ec259ae6ecafa5849af21bed4ec0ebd4, type: 3}
  m_Name: Branch
  m_EditorClassIdentifier: 
  graph: {fileID: 11400000}
  position: {x: 5384, y: 3416}
  ports:
    keys:
    - entry
    - _keyWordSet
    - _keyWordSet 0
    - _keyWordSet 1
    values:
    - _fieldName: entry
      _node: {fileID: -4710302019809645184}
      _typeQualifiedName: System.Int32, mscorlib, Version=4.0.0.0, Culture=neutral,
        PublicKeyToken=b77a5c561934e089
      connections:
      - fieldName: exit
        node: {fileID: 1953117188974206238}
        reroutePoints: []
      _direction: 0
      _connectionType: 0
      _typeConstraint: 0
      _dynamic: 0
    - _fieldName: _keyWordSet
      _node: {fileID: -4710302019809645184}
      _typeQualifiedName: KeyWordSet[], Assembly-CSharp, Version=0.0.0.0, Culture=neutral,
        PublicKeyToken=null
      connections: []
      _direction: 1
      _connectionType: 0
      _typeConstraint: 0
      _dynamic: 0
    - _fieldName: _keyWordSet 0
      _node: {fileID: -4710302019809645184}
      _typeQualifiedName: KeyWordSet[], Assembly-CSharp, Version=0.0.0.0, Culture=neutral,
        PublicKeyToken=null
      connections:
      - fieldName: entry
        node: {fileID: 9222923073541162392}
        reroutePoints: []
      _direction: 1
      _connectionType: 0
      _typeConstraint: 0
      _dynamic: 1
    - _fieldName: _keyWordSet 1
      _node: {fileID: -4710302019809645184}
      _typeQualifiedName: KeyWordSet[], Assembly-CSharp, Version=0.0.0.0, Culture=neutral,
        PublicKeyToken=null
      connections:
      - fieldName: entry
        node: {fileID: 9222923073541162392}
        reroutePoints: []
      _direction: 1
      _connectionType: 0
      _typeConstraint: 0
      _dynamic: 1
  entry: 0
  _keyWordSet:
  - _keyAnswer: note
    _WordSet: 1
  - _keyAnswer: note
    _WordSet: 2
  _event: {fileID: 0}
--- !u!114 &-4301836860202010934
MonoBehaviour:
  m_ObjectHideFlags: 0
  m_CorrespondingSourceObject: {fileID: 0}
  m_PrefabInstance: {fileID: 0}
  m_PrefabAsset: {fileID: 0}
  m_GameObject: {fileID: 0}
  m_Enabled: 1
  m_EditorHideFlags: 0
  m_Script: {fileID: 11500000, guid: 10a59fdd0077d464f9e665872e9a046f, type: 3}
  m_Name: Dialogue
  m_EditorClassIdentifier: 
  graph: {fileID: 11400000}
  position: {x: 4072, y: 3016}
  ports:
    keys:
    - entry
    - exit
    values:
    - _fieldName: entry
      _node: {fileID: -4301836860202010934}
      _typeQualifiedName: System.Int32, mscorlib, Version=4.0.0.0, Culture=neutral,
        PublicKeyToken=b77a5c561934e089
      connections:
      - fieldName: _keyWordSet 1
        node: {fileID: -7108925995033685816}
        reroutePoints: []
      - fieldName: _keyWordSet 2
        node: {fileID: -7108925995033685816}
        reroutePoints: []
      _direction: 0
      _connectionType: 0
      _typeConstraint: 0
      _dynamic: 0
    - _fieldName: exit
      _node: {fileID: -4301836860202010934}
      _typeQualifiedName: System.Int32, mscorlib, Version=4.0.0.0, Culture=neutral,
        PublicKeyToken=b77a5c561934e089
      connections:
      - fieldName: entry
        node: {fileID: -5373931029016140730}
        reroutePoints: []
      _direction: 1
      _connectionType: 0
      _typeConstraint: 0
      _dynamic: 0
  entry: 0
  exit: 0
  _dialogue: "There isn't anything that I need inside right now. It usually contains
    money and stuff and there isn\u2019t any replacement part in it. I think the
    password is the year that my company rebranded itself."
  _waitFor: 6
  _event: {fileID: 0}
--- !u!114 &-3798466452792302031
MonoBehaviour:
  m_ObjectHideFlags: 0
  m_CorrespondingSourceObject: {fileID: 0}
  m_PrefabInstance: {fileID: 0}
  m_PrefabAsset: {fileID: 0}
  m_GameObject: {fileID: 0}
  m_Enabled: 1
  m_EditorHideFlags: 0
  m_Script: {fileID: 11500000, guid: 10a59fdd0077d464f9e665872e9a046f, type: 3}
  m_Name: Dialogue
  m_EditorClassIdentifier: 
  graph: {fileID: 11400000}
  position: {x: 3464, y: 2280}
  ports:
    keys:
    - entry
    - exit
    values:
    - _fieldName: entry
      _node: {fileID: -3798466452792302031}
      _typeQualifiedName: System.Int32, mscorlib, Version=4.0.0.0, Culture=neutral,
        PublicKeyToken=b77a5c561934e089
      connections:
      - fieldName: _keyWordSet 0
        node: {fileID: -8971469308787097276}
        reroutePoints: []
      _direction: 0
      _connectionType: 0
      _typeConstraint: 0
      _dynamic: 0
    - _fieldName: exit
      _node: {fileID: -3798466452792302031}
      _typeQualifiedName: System.Int32, mscorlib, Version=4.0.0.0, Culture=neutral,
        PublicKeyToken=b77a5c561934e089
      connections:
      - fieldName: entry
        node: {fileID: -2032207573425898780}
        reroutePoints: []
      _direction: 1
      _connectionType: 0
      _typeConstraint: 0
      _dynamic: 0
  entry: 0
  exit: 0
  _dialogue: "This room is too dimly lit. The light switch doesn\u2019t work either.
    I\u2019ll need to call someone to fix it in the future or if I can find the replacement
    switch."
  _waitFor: 3
  _event: {fileID: 0}
--- !u!114 &-3382642286989645493
MonoBehaviour:
  m_ObjectHideFlags: 0
  m_CorrespondingSourceObject: {fileID: 0}
  m_PrefabInstance: {fileID: 0}
  m_PrefabAsset: {fileID: 0}
  m_GameObject: {fileID: 0}
  m_Enabled: 1
  m_EditorHideFlags: 0
  m_Script: {fileID: 11500000, guid: 10a59fdd0077d464f9e665872e9a046f, type: 3}
  m_Name: Dialogue
  m_EditorClassIdentifier: 
  graph: {fileID: 11400000}
  position: {x: 1592, y: 1096}
  ports:
    keys:
    - entry
    - exit
    values:
    - _fieldName: entry
      _node: {fileID: -3382642286989645493}
      _typeQualifiedName: System.Int32, mscorlib, Version=4.0.0.0, Culture=neutral,
        PublicKeyToken=b77a5c561934e089
      connections:
      - fieldName: _keyWordSet 1
        node: {fileID: -8312803867695592599}
        reroutePoints: []
      _direction: 0
      _connectionType: 0
      _typeConstraint: 0
      _dynamic: 0
    - _fieldName: exit
      _node: {fileID: -3382642286989645493}
      _typeQualifiedName: System.Int32, mscorlib, Version=4.0.0.0, Culture=neutral,
        PublicKeyToken=b77a5c561934e089
      connections:
      - fieldName: entry
        node: {fileID: -1251665750994180248}
        reroutePoints: []
      _direction: 1
      _connectionType: 0
      _typeConstraint: 0
      _dynamic: 0
  entry: 0
  exit: 0
  _dialogue: "This is where I spent most of my time, in front of this desk. There
    is my personal computer on it, a desk lamp and some personal notes in the desk\u2019s
    cabinet."
  _waitFor: 4
  _event: {fileID: 0}
--- !u!114 &-2687718837188143671
MonoBehaviour:
  m_ObjectHideFlags: 0
  m_CorrespondingSourceObject: {fileID: 0}
  m_PrefabInstance: {fileID: 0}
  m_PrefabAsset: {fileID: 0}
  m_GameObject: {fileID: 0}
  m_Enabled: 1
  m_EditorHideFlags: 0
  m_Script: {fileID: 11500000, guid: ec259ae6ecafa5849af21bed4ec0ebd4, type: 3}
  m_Name: Branch
  m_EditorClassIdentifier: 
  graph: {fileID: 11400000}
  position: {x: 2088, y: 1672}
  ports:
    keys:
    - entry
    - _keyWordSet
    - _keyWordSet 0
    - _keyWordSet 1
    - _keyWordSet 2
    - _keyWordSet 3
    values:
    - _fieldName: entry
      _node: {fileID: -2687718837188143671}
      _typeQualifiedName: System.Int32, mscorlib, Version=4.0.0.0, Culture=neutral,
        PublicKeyToken=b77a5c561934e089
      connections:
      - fieldName: exit
        node: {fileID: 2930972387370225212}
        reroutePoints: []
      _direction: 0
      _connectionType: 0
      _typeConstraint: 0
      _dynamic: 0
    - _fieldName: _keyWordSet
      _node: {fileID: -2687718837188143671}
      _typeQualifiedName: KeyWordSet[], Assembly-CSharp, Version=0.0.0.0, Culture=neutral,
        PublicKeyToken=null
      connections: []
      _direction: 1
      _connectionType: 0
      _typeConstraint: 0
      _dynamic: 0
    - _fieldName: _keyWordSet 0
      _node: {fileID: -2687718837188143671}
      _typeQualifiedName: KeyWordSet[], Assembly-CSharp, Version=0.0.0.0, Culture=neutral,
        PublicKeyToken=null
      connections:
      - fieldName: entry
        node: {fileID: -10842395096043931}
        reroutePoints: []
      _direction: 1
      _connectionType: 0
      _typeConstraint: 0
      _dynamic: 1
    - _fieldName: _keyWordSet 1
      _node: {fileID: -2687718837188143671}
      _typeQualifiedName: KeyWordSet[], Assembly-CSharp, Version=0.0.0.0, Culture=neutral,
        PublicKeyToken=null
      connections:
      - fieldName: entry
        node: {fileID: -1571496180699213312}
        reroutePoints: []
      _direction: 1
      _connectionType: 0
      _typeConstraint: 0
      _dynamic: 1
    - _fieldName: _keyWordSet 2
      _node: {fileID: -2687718837188143671}
      _typeQualifiedName: KeyWordSet[], Assembly-CSharp, Version=0.0.0.0, Culture=neutral,
        PublicKeyToken=null
      connections:
      - fieldName: entry
        node: {fileID: -7666479402788594514}
        reroutePoints: []
      _direction: 1
      _connectionType: 0
      _typeConstraint: 0
      _dynamic: 1
    - _fieldName: _keyWordSet 3
      _node: {fileID: -2687718837188143671}
      _typeQualifiedName: KeyWordSet[], Assembly-CSharp, Version=0.0.0.0, Culture=neutral,
        PublicKeyToken=null
      connections:
      - fieldName: entry
        node: {fileID: 225748946108472838}
        reroutePoints:
        - {x: 2332.2764, y: 2436.9512}
      _direction: 1
      _connectionType: 0
      _typeConstraint: 0
      _dynamic: 1
  entry: 0
  _keyWordSet:
  - _keyAnswer: bookshelf
    _WordSet: 1
  - _keyAnswer: desk
    _WordSet: 1
  - _keyAnswer: cabinet
    _WordSet: 1
  - _keyAnswer: main hallway
    _WordSet: 3
  _event: {fileID: 0}
--- !u!114 &-2545536403085495120
MonoBehaviour:
  m_ObjectHideFlags: 0
  m_CorrespondingSourceObject: {fileID: 0}
  m_PrefabInstance: {fileID: 0}
  m_PrefabAsset: {fileID: 0}
  m_GameObject: {fileID: 0}
  m_Enabled: 1
  m_EditorHideFlags: 0
  m_Script: {fileID: 11500000, guid: 10a59fdd0077d464f9e665872e9a046f, type: 3}
  m_Name: Dialogue
  m_EditorClassIdentifier: 
  graph: {fileID: 11400000}
  position: {x: 4072, y: 3288}
  ports:
    keys:
    - entry
    - exit
    values:
    - _fieldName: entry
      _node: {fileID: -2545536403085495120}
      _typeQualifiedName: System.Int32, mscorlib, Version=4.0.0.0, Culture=neutral,
        PublicKeyToken=b77a5c561934e089
      connections:
      - fieldName: _keyWordSet 3
        node: {fileID: -7108925995033685816}
        reroutePoints: []
      _direction: 0
      _connectionType: 0
      _typeConstraint: 0
      _dynamic: 0
    - _fieldName: exit
      _node: {fileID: -2545536403085495120}
      _typeQualifiedName: System.Int32, mscorlib, Version=4.0.0.0, Culture=neutral,
        PublicKeyToken=b77a5c561934e089
      connections:
      - fieldName: entry
        node: {fileID: 3004254894108061568}
        reroutePoints: []
      _direction: 1
      _connectionType: 0
      _typeConstraint: 0
      _dynamic: 0
  entry: 0
  exit: 0
  _dialogue: "I picked up the part, now I should go to the \u2018library\u2019 and
    fix the light."
  _waitFor: -5
  _event: {fileID: 0}
--- !u!114 &-2327145340153986501
MonoBehaviour:
  m_ObjectHideFlags: 0
  m_CorrespondingSourceObject: {fileID: 0}
  m_PrefabInstance: {fileID: 0}
  m_PrefabAsset: {fileID: 0}
  m_GameObject: {fileID: 0}
  m_Enabled: 1
  m_EditorHideFlags: 0
  m_Script: {fileID: 11500000, guid: 10a59fdd0077d464f9e665872e9a046f, type: 3}
  m_Name: Dialogue
  m_EditorClassIdentifier: 
  graph: {fileID: 11400000}
  position: {x: -40, y: -40}
  ports:
    keys:
    - entry
    - exit
    values:
    - _fieldName: entry
      _node: {fileID: -2327145340153986501}
      _typeQualifiedName: System.Int32, mscorlib, Version=4.0.0.0, Culture=neutral,
        PublicKeyToken=b77a5c561934e089
      connections:
      - fieldName: exit
        node: {fileID: 2818589530563460738}
        reroutePoints: []
      _direction: 0
      _connectionType: 0
      _typeConstraint: 0
      _dynamic: 0
    - _fieldName: exit
      _node: {fileID: -2327145340153986501}
      _typeQualifiedName: System.Int32, mscorlib, Version=4.0.0.0, Culture=neutral,
        PublicKeyToken=b77a5c561934e089
      connections:
      - fieldName: entry
        node: {fileID: 2285692721328597707}
        reroutePoints: []
      _direction: 1
      _connectionType: 0
      _typeConstraint: 0
      _dynamic: 0
  entry: 0
  exit: 0
  _dialogue: I woke up in a familiar place, my office. This is where I work all the
    time but this time, I seem to have passed out from some work yesterday. I need
    to get out and relax today.
  _waitFor: 3
  _event: {fileID: 0}
--- !u!114 &-2032207573425898780
MonoBehaviour:
  m_ObjectHideFlags: 0
  m_CorrespondingSourceObject: {fileID: 0}
  m_PrefabInstance: {fileID: 0}
  m_PrefabAsset: {fileID: 0}
  m_GameObject: {fileID: 0}
  m_Enabled: 1
  m_EditorHideFlags: 0
  m_Script: {fileID: 11500000, guid: 6a37811023d81a94891d67fbc63f8abc, type: 3}
  m_Name: Empty
  m_EditorClassIdentifier: 
  graph: {fileID: 11400000}
  position: {x: 3799.0012, y: 2465.5764}
  ports:
    keys:
    - entry
    - exit
    values:
    - _fieldName: entry
      _node: {fileID: -2032207573425898780}
      _typeQualifiedName: System.Int32, mscorlib, Version=4.0.0.0, Culture=neutral,
        PublicKeyToken=b77a5c561934e089
      connections:
      - fieldName: exit
        node: {fileID: -5393180327975857282}
        reroutePoints: []
      - fieldName: exit
        node: {fileID: -3798466452792302031}
        reroutePoints: []
      _direction: 0
      _connectionType: 0
      _typeConstraint: 0
      _dynamic: 0
    - _fieldName: exit
      _node: {fileID: -2032207573425898780}
      _typeQualifiedName: System.Int32, mscorlib, Version=4.0.0.0, Culture=neutral,
        PublicKeyToken=b77a5c561934e089
      connections:
      - fieldName: entry
        node: {fileID: 225748946108472838}
        reroutePoints:
        - {x: 3983.0378, y: 2172.0273}
        - {x: 2852.4329, y: 2172.0273}
      _direction: 1
      _connectionType: 0
      _typeConstraint: 0
      _dynamic: 0
  entry: 0
  exit: 0
--- !u!114 &-1571496180699213312
MonoBehaviour:
  m_ObjectHideFlags: 0
  m_CorrespondingSourceObject: {fileID: 0}
  m_PrefabInstance: {fileID: 0}
  m_PrefabAsset: {fileID: 0}
  m_GameObject: {fileID: 0}
  m_Enabled: 1
  m_EditorHideFlags: 0
  m_Script: {fileID: 11500000, guid: 10a59fdd0077d464f9e665872e9a046f, type: 3}
  m_Name: Dialogue
  m_EditorClassIdentifier: 
  graph: {fileID: 11400000}
  position: {x: 2360, y: 1800}
  ports:
    keys:
    - entry
    - exit
    values:
    - _fieldName: entry
      _node: {fileID: -1571496180699213312}
      _typeQualifiedName: System.Int32, mscorlib, Version=4.0.0.0, Culture=neutral,
        PublicKeyToken=b77a5c561934e089
      connections:
      - fieldName: _keyWordSet 1
        node: {fileID: -2687718837188143671}
        reroutePoints: []
      _direction: 0
      _connectionType: 0
      _typeConstraint: 0
      _dynamic: 0
    - _fieldName: exit
      _node: {fileID: -1571496180699213312}
      _typeQualifiedName: System.Int32, mscorlib, Version=4.0.0.0, Culture=neutral,
        PublicKeyToken=b77a5c561934e089
      connections:
      - fieldName: entry
        node: {fileID: -5696950938203614840}
        reroutePoints: []
      _direction: 1
      _connectionType: 0
      _typeConstraint: 0
      _dynamic: 0
  entry: 0
  exit: 0
  _dialogue: "This is where I spent most of my time, in front of this desk. There
    is my personal computer on it, a desk lamp and some personal notes in the desk\u2019s
    cabinet."
  _waitFor: 4
  _event: {fileID: 0}
--- !u!114 &-1251665750994180248
MonoBehaviour:
  m_ObjectHideFlags: 0
  m_CorrespondingSourceObject: {fileID: 0}
  m_PrefabInstance: {fileID: 0}
  m_PrefabAsset: {fileID: 0}
  m_GameObject: {fileID: 0}
  m_Enabled: 1
  m_EditorHideFlags: 0
  m_Script: {fileID: 11500000, guid: 6a37811023d81a94891d67fbc63f8abc, type: 3}
  m_Name: Empty
  m_EditorClassIdentifier: 
  graph: {fileID: 11400000}
  position: {x: 1944, y: 936}
  ports:
    keys:
    - entry
    - exit
    values:
    - _fieldName: entry
      _node: {fileID: -1251665750994180248}
      _typeQualifiedName: System.Int32, mscorlib, Version=4.0.0.0, Culture=neutral,
        PublicKeyToken=b77a5c561934e089
      connections:
      - fieldName: exit
        node: {fileID: 1331535173505716590}
        reroutePoints: []
      - fieldName: exit
        node: {fileID: -3382642286989645493}
        reroutePoints: []
      - fieldName: exit
        node: {fileID: 6951667896042517475}
        reroutePoints: []
      _direction: 0
      _connectionType: 0
      _typeConstraint: 0
      _dynamic: 0
    - _fieldName: exit
      _node: {fileID: -1251665750994180248}
      _typeQualifiedName: System.Int32, mscorlib, Version=4.0.0.0, Culture=neutral,
        PublicKeyToken=b77a5c561934e089
      connections:
      - fieldName: entry
        node: {fileID: -9009896411758195679}
        reroutePoints:
        - {x: 2127.3806, y: 701.0829}
        - {x: 1095.8948, y: 717.6529}
      _direction: 1
      _connectionType: 0
      _typeConstraint: 0
      _dynamic: 0
  entry: 0
  exit: 0
--- !u!114 &-992837267052604551
MonoBehaviour:
  m_ObjectHideFlags: 0
  m_CorrespondingSourceObject: {fileID: 0}
  m_PrefabInstance: {fileID: 0}
  m_PrefabAsset: {fileID: 0}
  m_GameObject: {fileID: 0}
  m_Enabled: 1
  m_EditorHideFlags: 0
  m_Script: {fileID: 11500000, guid: 10a59fdd0077d464f9e665872e9a046f, type: 3}
  m_Name: Dialogue
  m_EditorClassIdentifier: 
  graph: {fileID: 11400000}
  position: {x: 3464, y: 2824}
  ports:
    keys:
    - entry
    - exit
    values:
    - _fieldName: entry
      _node: {fileID: -992837267052604551}
      _typeQualifiedName: System.Int32, mscorlib, Version=4.0.0.0, Culture=neutral,
        PublicKeyToken=b77a5c561934e089
      connections:
      - fieldName: _keyWordSet 2
        node: {fileID: -8971469308787097276}
        reroutePoints: []
      - fieldName: exit
        node: {fileID: -5373931029016140730}
        reroutePoints: []
      _direction: 0
      _connectionType: 0
      _typeConstraint: 0
      _dynamic: 0
    - _fieldName: exit
      _node: {fileID: -992837267052604551}
      _typeQualifiedName: System.Int32, mscorlib, Version=4.0.0.0, Culture=neutral,
        PublicKeyToken=b77a5c561934e089
      connections:
      - fieldName: entry
        node: {fileID: -7108925995033685816}
        reroutePoints: []
      _direction: 1
      _connectionType: 0
      _typeConstraint: 0
      _dynamic: 0
  entry: 0
  exit: 0
  _dialogue: "My own bedroom, there are a lot of \u2018shelves\u2019 in the room
    where I usually put my items on it and a \u2018safe\u2019 under the closet."
  _waitFor: -5
  _event: {fileID: 0}
--- !u!114 &-907535966701104861
MonoBehaviour:
  m_ObjectHideFlags: 0
  m_CorrespondingSourceObject: {fileID: 0}
  m_PrefabInstance: {fileID: 0}
  m_PrefabAsset: {fileID: 0}
  m_GameObject: {fileID: 0}
  m_Enabled: 1
  m_EditorHideFlags: 0
  m_Script: {fileID: 11500000, guid: 766657fcc01c0bb42887cd00b4467784, type: 3}
  m_Name: End
  m_EditorClassIdentifier: 
  graph: {fileID: 11400000}
  position: {x: 6744, y: 3464}
  ports:
    keys:
    - entry
    values:
    - _fieldName: entry
      _node: {fileID: -907535966701104861}
      _typeQualifiedName: System.Int32, mscorlib, Version=4.0.0.0, Culture=neutral,
        PublicKeyToken=b77a5c561934e089
      connections:
      - fieldName: exit
        node: {fileID: -9143959550980662395}
        reroutePoints: []
      _direction: 0
      _connectionType: 0
      _typeConstraint: 0
      _dynamic: 0
  entry: 0
--- !u!114 &-10842395096043931
MonoBehaviour:
  m_ObjectHideFlags: 0
  m_CorrespondingSourceObject: {fileID: 0}
  m_PrefabInstance: {fileID: 0}
  m_PrefabAsset: {fileID: 0}
  m_GameObject: {fileID: 0}
  m_Enabled: 1
  m_EditorHideFlags: 0
  m_Script: {fileID: 11500000, guid: 10a59fdd0077d464f9e665872e9a046f, type: 3}
  m_Name: Dialogue
  m_EditorClassIdentifier: 
  graph: {fileID: 11400000}
  position: {x: 2360, y: 1528}
  ports:
    keys:
    - entry
    - exit
    values:
    - _fieldName: entry
      _node: {fileID: -10842395096043931}
      _typeQualifiedName: System.Int32, mscorlib, Version=4.0.0.0, Culture=neutral,
        PublicKeyToken=b77a5c561934e089
      connections:
      - fieldName: _keyWordSet 0
        node: {fileID: -2687718837188143671}
        reroutePoints: []
      _direction: 0
      _connectionType: 0
      _typeConstraint: 0
      _dynamic: 0
    - _fieldName: exit
      _node: {fileID: -10842395096043931}
      _typeQualifiedName: System.Int32, mscorlib, Version=4.0.0.0, Culture=neutral,
        PublicKeyToken=b77a5c561934e089
      connections:
      - fieldName: entry
        node: {fileID: -5696950938203614840}
        reroutePoints: []
      _direction: 1
      _connectionType: 0
      _typeConstraint: 0
      _dynamic: 0
  entry: 0
  exit: 0
  _dialogue: This is where I placed my favorite books, others are all in the library
    room.
  _waitFor: 3
  _event: {fileID: 0}
--- !u!114 &11400000
MonoBehaviour:
  m_ObjectHideFlags: 0
  m_CorrespondingSourceObject: {fileID: 0}
  m_PrefabInstance: {fileID: 0}
  m_PrefabAsset: {fileID: 0}
  m_GameObject: {fileID: 0}
  m_Enabled: 1
  m_EditorHideFlags: 0
  m_Script: {fileID: 11500000, guid: dcc0f3ac7a8137d4c90245cec6d13a92, type: 3}
  m_Name: Dialogue_06_Vintage_Tape1
  m_EditorClassIdentifier: 
  nodes:
  - {fileID: -2327145340153986501}
  - {fileID: 2285692721328597707}
  - {fileID: -9015967118201627143}
  - {fileID: 4443675092886582372}
  - {fileID: 434372090988763028}
  - {fileID: 1828023143936720842}
  - {fileID: 6085278340140034281}
  - {fileID: 4516387810049656279}
  - {fileID: -5761634873111531302}
  - {fileID: -9009896411758195679}
  - {fileID: -8312803867695592599}
  - {fileID: 1331535173505716590}
  - {fileID: -3382642286989645493}
  - {fileID: 6951667896042517475}
  - {fileID: -1251665750994180248}
  - {fileID: 2636729081262331072}
  - {fileID: 2930972387370225212}
  - {fileID: -2687718837188143671}
  - {fileID: -10842395096043931}
  - {fileID: -1571496180699213312}
  - {fileID: -7666479402788594514}
  - {fileID: -5696950938203614840}
  - {fileID: 225748946108472838}
  - {fileID: -8971469308787097276}
  - {fileID: -3798466452792302031}
  - {fileID: -5393180327975857282}
  - {fileID: -992837267052604551}
  - {fileID: -4301836860202010934}
  - {fileID: 592273165097921370}
  - {fileID: -5373931029016140730}
  - {fileID: -2545536403085495120}
  - {fileID: 3004254894108061568}
  - {fileID: 8445376147070466983}
  - {fileID: 7276869651355317127}
  - {fileID: 1953117188974206238}
  - {fileID: -4710302019809645184}
  - {fileID: 9222923073541162392}
  - {fileID: -5459264855141508186}
  - {fileID: -7164450898021279084}
  - {fileID: -9143959550980662395}
  - {fileID: -907535966701104861}
  - {fileID: -2032207573425898780}
  - {fileID: -7108925995033685816}
  - {fileID: 2818589530563460738}
  current: {fileID: -907535966701104861}
--- !u!114 &225748946108472838
MonoBehaviour:
  m_ObjectHideFlags: 0
  m_CorrespondingSourceObject: {fileID: 0}
  m_PrefabInstance: {fileID: 0}
  m_PrefabAsset: {fileID: 0}
  m_GameObject: {fileID: 0}
  m_Enabled: 1
  m_EditorHideFlags: 0
  m_Script: {fileID: 11500000, guid: 10a59fdd0077d464f9e665872e9a046f, type: 3}
  m_Name: Dialogue
  m_EditorClassIdentifier: 
  graph: {fileID: 11400000}
  position: {x: 2872, y: 2392}
  ports:
    keys:
    - entry
    - exit
    values:
    - _fieldName: entry
      _node: {fileID: 225748946108472838}
      _typeQualifiedName: System.Int32, mscorlib, Version=4.0.0.0, Culture=neutral,
        PublicKeyToken=b77a5c561934e089
      connections:
      - fieldName: _keyWordSet 3
        node: {fileID: -2687718837188143671}
        reroutePoints: []
      - fieldName: exit
        node: {fileID: -2032207573425898780}
        reroutePoints: []
      _direction: 0
      _connectionType: 0
      _typeConstraint: 0
      _dynamic: 0
    - _fieldName: exit
      _node: {fileID: 225748946108472838}
      _typeQualifiedName: System.Int32, mscorlib, Version=4.0.0.0, Culture=neutral,
        PublicKeyToken=b77a5c561934e089
      connections:
      - fieldName: entry
        node: {fileID: -8971469308787097276}
        reroutePoints: []
      _direction: 1
      _connectionType: 0
      _typeConstraint: 0
      _dynamic: 0
  entry: 0
  exit: 0
  _dialogue: "I\u2019m out of the office now, to the left is \u2018the library\u2019,
    to the right is my \u2018bedroom\u2019, and in front of me is a \u2018gallery
    room\u2019."
  _waitFor: -5
  _event: {fileID: 0}
--- !u!114 &434372090988763028
MonoBehaviour:
  m_ObjectHideFlags: 0
  m_CorrespondingSourceObject: {fileID: 0}
  m_PrefabInstance: {fileID: 0}
  m_PrefabAsset: {fileID: 0}
  m_GameObject: {fileID: 0}
  m_Enabled: 1
  m_EditorHideFlags: 0
  m_Script: {fileID: 11500000, guid: 10a59fdd0077d464f9e665872e9a046f, type: 3}
  m_Name: Dialogue
  m_EditorClassIdentifier: 
  graph: {fileID: 11400000}
  position: {x: 776, y: 120}
  ports:
    keys:
    - entry
    - exit
    values:
    - _fieldName: entry
      _node: {fileID: 434372090988763028}
      _typeQualifiedName: System.Int32, mscorlib, Version=4.0.0.0, Culture=neutral,
        PublicKeyToken=b77a5c561934e089
      connections:
      - fieldName: _keyWordSet 1
        node: {fileID: -9015967118201627143}
        reroutePoints: []
      _direction: 0
      _connectionType: 0
      _typeConstraint: 0
      _dynamic: 0
    - _fieldName: exit
      _node: {fileID: 434372090988763028}
      _typeQualifiedName: System.Int32, mscorlib, Version=4.0.0.0, Culture=neutral,
        PublicKeyToken=b77a5c561934e089
      connections:
      - fieldName: entry
        node: {fileID: 6085278340140034281}
        reroutePoints: []
      _direction: 1
      _connectionType: 0
      _typeConstraint: 0
      _dynamic: 0
  entry: 0
  exit: 0
  _dialogue: "This is where I spent most of my time, in front of this desk. There
    is my personal computer on it, a desk lamp and some personal notes in the desk\u2019s
    cabinet."
  _waitFor: 4
  _event: {fileID: 0}
--- !u!114 &592273165097921370
MonoBehaviour:
  m_ObjectHideFlags: 0
  m_CorrespondingSourceObject: {fileID: 0}
  m_PrefabInstance: {fileID: 0}
  m_PrefabAsset: {fileID: 0}
  m_GameObject: {fileID: 0}
  m_Enabled: 1
  m_EditorHideFlags: 0
  m_Script: {fileID: 11500000, guid: 10a59fdd0077d464f9e665872e9a046f, type: 3}
  m_Name: Dialogue
  m_EditorClassIdentifier: 
  graph: {fileID: 11400000}
  position: {x: 4072, y: 2680}
  ports:
    keys:
    - entry
    - exit
    values:
    - _fieldName: entry
      _node: {fileID: 592273165097921370}
      _typeQualifiedName: System.Int32, mscorlib, Version=4.0.0.0, Culture=neutral,
        PublicKeyToken=b77a5c561934e089
      connections:
      - fieldName: _keyWordSet 0
        node: {fileID: -7108925995033685816}
        reroutePoints: []
      _direction: 0
      _connectionType: 0
      _typeConstraint: 0
      _dynamic: 0
    - _fieldName: exit
      _node: {fileID: 592273165097921370}
      _typeQualifiedName: System.Int32, mscorlib, Version=4.0.0.0, Culture=neutral,
        PublicKeyToken=b77a5c561934e089
      connections:
      - fieldName: entry
        node: {fileID: -5373931029016140730}
        reroutePoints: []
      _direction: 1
      _connectionType: 0
      _typeConstraint: 0
      _dynamic: 0
  entry: 0
  exit: 0
  _dialogue: "Looks like today is my lucky day, there is a \u2018replacement part\u2019
    for a light switch in the library room."
  _waitFor: 3
  _event: {fileID: 0}
--- !u!114 &1331535173505716590
MonoBehaviour:
  m_ObjectHideFlags: 0
  m_CorrespondingSourceObject: {fileID: 0}
  m_PrefabInstance: {fileID: 0}
  m_PrefabAsset: {fileID: 0}
  m_GameObject: {fileID: 0}
  m_Enabled: 1
  m_EditorHideFlags: 0
  m_Script: {fileID: 11500000, guid: 10a59fdd0077d464f9e665872e9a046f, type: 3}
  m_Name: Dialogue
  m_EditorClassIdentifier: 
  graph: {fileID: 11400000}
  position: {x: 1592, y: 824}
  ports:
    keys:
    - entry
    - exit
    values:
    - _fieldName: entry
      _node: {fileID: 1331535173505716590}
      _typeQualifiedName: System.Int32, mscorlib, Version=4.0.0.0, Culture=neutral,
        PublicKeyToken=b77a5c561934e089
      connections:
      - fieldName: _keyWordSet 0
        node: {fileID: -8312803867695592599}
        reroutePoints: []
      _direction: 0
      _connectionType: 0
      _typeConstraint: 0
      _dynamic: 0
    - _fieldName: exit
      _node: {fileID: 1331535173505716590}
      _typeQualifiedName: System.Int32, mscorlib, Version=4.0.0.0, Culture=neutral,
        PublicKeyToken=b77a5c561934e089
      connections:
      - fieldName: entry
        node: {fileID: -1251665750994180248}
        reroutePoints: []
      _direction: 1
      _connectionType: 0
      _typeConstraint: 0
      _dynamic: 0
  entry: 0
  exit: 0
  _dialogue: This is where I placed my favorite books, others are all in the library
    room.
  _waitFor: 3
  _event: {fileID: 0}
--- !u!114 &1828023143936720842
MonoBehaviour:
  m_ObjectHideFlags: 0
  m_CorrespondingSourceObject: {fileID: 0}
  m_PrefabInstance: {fileID: 0}
  m_PrefabAsset: {fileID: 0}
  m_GameObject: {fileID: 0}
  m_Enabled: 1
  m_EditorHideFlags: 0
  m_Script: {fileID: 11500000, guid: 10a59fdd0077d464f9e665872e9a046f, type: 3}
  m_Name: Dialogue
  m_EditorClassIdentifier: 
  graph: {fileID: 11400000}
  position: {x: 776, y: 392}
  ports:
    keys:
    - entry
    - exit
    values:
    - _fieldName: entry
      _node: {fileID: 1828023143936720842}
      _typeQualifiedName: System.Int32, mscorlib, Version=4.0.0.0, Culture=neutral,
        PublicKeyToken=b77a5c561934e089
      connections:
      - fieldName: _keyWordSet 2
        node: {fileID: -9015967118201627143}
        reroutePoints: []
      _direction: 0
      _connectionType: 0
      _typeConstraint: 0
      _dynamic: 0
    - _fieldName: exit
      _node: {fileID: 1828023143936720842}
      _typeQualifiedName: System.Int32, mscorlib, Version=4.0.0.0, Culture=neutral,
        PublicKeyToken=b77a5c561934e089
      connections:
      - fieldName: entry
        node: {fileID: 6085278340140034281}
        reroutePoints: []
      _direction: 1
      _connectionType: 0
      _typeConstraint: 0
      _dynamic: 0
  entry: 0
  exit: 0
  _dialogue: "This is where I placed all of my work documents. It seems there is
    \u2018something shiny\u2019 in one of the cabinets."
  _waitFor: 3
  _event: {fileID: 0}
--- !u!114 &1953117188974206238
MonoBehaviour:
  m_ObjectHideFlags: 0
  m_CorrespondingSourceObject: {fileID: 0}
  m_PrefabInstance: {fileID: 0}
  m_PrefabAsset: {fileID: 0}
  m_GameObject: {fileID: 0}
  m_Enabled: 1
  m_EditorHideFlags: 0
  m_Script: {fileID: 11500000, guid: 10a59fdd0077d464f9e665872e9a046f, type: 3}
  m_Name: Dialogue
  m_EditorClassIdentifier: 
  graph: {fileID: 11400000}
  position: {x: 5128, y: 3400}
  ports:
    keys:
    - entry
    - exit
    values:
    - _fieldName: entry
      _node: {fileID: 1953117188974206238}
      _typeQualifiedName: System.Int32, mscorlib, Version=4.0.0.0, Culture=neutral,
        PublicKeyToken=b77a5c561934e089
      connections:
      - fieldName: _keyWordSet 0
        node: {fileID: 7276869651355317127}
        reroutePoints: []
      _direction: 0
      _connectionType: 0
      _typeConstraint: 0
      _dynamic: 0
    - _fieldName: exit
      _node: {fileID: 1953117188974206238}
      _typeQualifiedName: System.Int32, mscorlib, Version=4.0.0.0, Culture=neutral,
        PublicKeyToken=b77a5c561934e089
      connections:
      - fieldName: entry
        node: {fileID: -4710302019809645184}
        reroutePoints: []
      _direction: 1
      _connectionType: 0
      _typeConstraint: 0
      _dynamic: 0
  entry: 0
  exit: 0
  _dialogue: "I fixed the library's mechanical parts. The light is on and there is
    \u2018a note\u2019 at the end of the library."
  _waitFor: -5
  _event: {fileID: 11400000, guid: 25e0b29ffde5bb44a887c8ce41940928, type: 2}
--- !u!114 &2285692721328597707
MonoBehaviour:
  m_ObjectHideFlags: 0
  m_CorrespondingSourceObject: {fileID: 0}
  m_PrefabInstance: {fileID: 0}
  m_PrefabAsset: {fileID: 0}
  m_GameObject: {fileID: 0}
  m_Enabled: 1
  m_EditorHideFlags: 0
  m_Script: {fileID: 11500000, guid: 10a59fdd0077d464f9e665872e9a046f, type: 3}
  m_Name: Dialogue
  m_EditorClassIdentifier: 
  graph: {fileID: 11400000}
  position: {x: 232, y: -24}
  ports:
    keys:
    - entry
    - exit
    values:
    - _fieldName: entry
      _node: {fileID: 2285692721328597707}
      _typeQualifiedName: System.Int32, mscorlib, Version=4.0.0.0, Culture=neutral,
        PublicKeyToken=b77a5c561934e089
      connections:
      - fieldName: exit
        node: {fileID: -2327145340153986501}
        reroutePoints: []
      - fieldName: exit
        node: {fileID: 6085278340140034281}
        reroutePoints: []
      _direction: 0
      _connectionType: 0
      _typeConstraint: 0
      _dynamic: 0
    - _fieldName: exit
      _node: {fileID: 2285692721328597707}
      _typeQualifiedName: System.Int32, mscorlib, Version=4.0.0.0, Culture=neutral,
        PublicKeyToken=b77a5c561934e089
      connections:
      - fieldName: entry
        node: {fileID: -9015967118201627143}
        reroutePoints: []
      _direction: 1
      _connectionType: 0
      _typeConstraint: 0
      _dynamic: 0
  entry: 0
  exit: 0
  _dialogue: "In this room, there is a \u2018bookshelf\u2019 on my left, my \u2018desk\u2019,
    and my \u2018cabinet\u2019 on the right. It Looks like I locked myself in this
    room again. Now where is my office key?"
  _waitFor: -5
  _event: {fileID: 0}
--- !u!114 &2636729081262331072
MonoBehaviour:
  m_ObjectHideFlags: 0
  m_CorrespondingSourceObject: {fileID: 0}
  m_PrefabInstance: {fileID: 0}
  m_PrefabAsset: {fileID: 0}
  m_GameObject: {fileID: 0}
  m_Enabled: 1
  m_EditorHideFlags: 0
  m_Script: {fileID: 11500000, guid: 10a59fdd0077d464f9e665872e9a046f, type: 3}
  m_Name: Dialogue
  m_EditorClassIdentifier: 
  graph: {fileID: 11400000}
  position: {x: 1592, y: 1640}
  ports:
    keys:
    - entry
    - exit
    values:
    - _fieldName: entry
      _node: {fileID: 2636729081262331072}
      _typeQualifiedName: System.Int32, mscorlib, Version=4.0.0.0, Culture=neutral,
        PublicKeyToken=b77a5c561934e089
      connections:
      - fieldName: _keyWordSet 3
        node: {fileID: -8312803867695592599}
        reroutePoints: []
      - fieldName: _keyWordSet 4
        node: {fileID: -8312803867695592599}
        reroutePoints: []
      _direction: 0
      _connectionType: 0
      _typeConstraint: 0
      _dynamic: 0
    - _fieldName: exit
      _node: {fileID: 2636729081262331072}
      _typeQualifiedName: System.Int32, mscorlib, Version=4.0.0.0, Culture=neutral,
        PublicKeyToken=b77a5c561934e089
      connections:
      - fieldName: entry
        node: {fileID: 2930972387370225212}
        reroutePoints: []
      _direction: 1
      _connectionType: 0
      _typeConstraint: 0
      _dynamic: 0
  entry: 0
  exit: 0
  _dialogue: "I used a key on the door and unlocked it, I can move into \u2018the
    main hallway\u2019 now."
  _waitFor: 2
  _event: {fileID: 0}
--- !u!114 &2818589530563460738
MonoBehaviour:
  m_ObjectHideFlags: 0
  m_CorrespondingSourceObject: {fileID: 0}
  m_PrefabInstance: {fileID: 0}
  m_PrefabAsset: {fileID: 0}
  m_GameObject: {fileID: 0}
  m_Enabled: 1
  m_EditorHideFlags: 0
  m_Script: {fileID: 11500000, guid: e472c09c2d8d830459a655d393d8dd6b, type: 3}
  m_Name: Start
  m_EditorClassIdentifier: 
  graph: {fileID: 11400000}
  position: {x: -331.22662, y: -8.777855}
  ports:
    keys:
    - exit
    values:
    - _fieldName: exit
      _node: {fileID: 2818589530563460738}
      _typeQualifiedName: System.Int32, mscorlib, Version=4.0.0.0, Culture=neutral,
        PublicKeyToken=b77a5c561934e089
      connections:
      - fieldName: entry
        node: {fileID: -2327145340153986501}
        reroutePoints: []
      _direction: 1
      _connectionType: 0
      _typeConstraint: 0
      _dynamic: 0
  exit: 0
--- !u!114 &2930972387370225212
MonoBehaviour:
  m_ObjectHideFlags: 0
  m_CorrespondingSourceObject: {fileID: 0}
  m_PrefabInstance: {fileID: 0}
  m_PrefabAsset: {fileID: 0}
  m_GameObject: {fileID: 0}
  m_Enabled: 1
  m_EditorHideFlags: 0
  m_Script: {fileID: 11500000, guid: 10a59fdd0077d464f9e665872e9a046f, type: 3}
  m_Name: Dialogue
  m_EditorClassIdentifier: 
  graph: {fileID: 11400000}
  position: {x: 1848, y: 1656}
  ports:
    keys:
    - entry
    - exit
    values:
    - _fieldName: entry
      _node: {fileID: 2930972387370225212}
      _typeQualifiedName: System.Int32, mscorlib, Version=4.0.0.0, Culture=neutral,
        PublicKeyToken=b77a5c561934e089
      connections:
      - fieldName: exit
        node: {fileID: 2636729081262331072}
        reroutePoints: []
      - fieldName: exit
        node: {fileID: -5696950938203614840}
        reroutePoints: []
      _direction: 0
      _connectionType: 0
      _typeConstraint: 0
      _dynamic: 0
    - _fieldName: exit
      _node: {fileID: 2930972387370225212}
      _typeQualifiedName: System.Int32, mscorlib, Version=4.0.0.0, Culture=neutral,
        PublicKeyToken=b77a5c561934e089
      connections:
      - fieldName: entry
        node: {fileID: -2687718837188143671}
        reroutePoints: []
      _direction: 1
      _connectionType: 0
      _typeConstraint: 0
      _dynamic: 0
  entry: 0
  exit: 0
  _dialogue: "In this room, there is a \u2018bookshelf\u2019 on my left, my \u2018desk\u2019,
    and my cabinet on the right. The office door is now unlocked and I can now get
    out of the office into \u2018the main hallway\u2019."
  _waitFor: -5
  _event: {fileID: 0}
--- !u!114 &3004254894108061568
MonoBehaviour:
  m_ObjectHideFlags: 0
  m_CorrespondingSourceObject: {fileID: 0}
  m_PrefabInstance: {fileID: 0}
  m_PrefabAsset: {fileID: 0}
  m_GameObject: {fileID: 0}
  m_Enabled: 1
  m_EditorHideFlags: 0
  m_Script: {fileID: 11500000, guid: ec259ae6ecafa5849af21bed4ec0ebd4, type: 3}
  m_Name: Branch
  m_EditorClassIdentifier: 
  graph: {fileID: 11400000}
  position: {x: 4344, y: 3304}
  ports:
    keys:
    - entry
    - _keyWordSet
    - _keyWordSet 0
    values:
    - _fieldName: entry
      _node: {fileID: 3004254894108061568}
      _typeQualifiedName: System.Int32, mscorlib, Version=4.0.0.0, Culture=neutral,
        PublicKeyToken=b77a5c561934e089
      connections:
      - fieldName: exit
        node: {fileID: -2545536403085495120}
        reroutePoints: []
      _direction: 0
      _connectionType: 0
      _typeConstraint: 0
      _dynamic: 0
    - _fieldName: _keyWordSet
      _node: {fileID: 3004254894108061568}
      _typeQualifiedName: KeyWordSet[], Assembly-CSharp, Version=0.0.0.0, Culture=neutral,
        PublicKeyToken=null
      connections: []
      _direction: 1
      _connectionType: 0
      _typeConstraint: 0
      _dynamic: 0
    - _fieldName: _keyWordSet 0
      _node: {fileID: 3004254894108061568}
      _typeQualifiedName: KeyWordSet[], Assembly-CSharp, Version=0.0.0.0, Culture=neutral,
        PublicKeyToken=null
      connections:
      - fieldName: entry
        node: {fileID: 8445376147070466983}
        reroutePoints: []
      _direction: 1
      _connectionType: 0
      _typeConstraint: 0
      _dynamic: 1
  entry: 0
  _keyWordSet:
  - _keyAnswer: library
    _WordSet: 3
  _event: {fileID: 0}
--- !u!114 &4443675092886582372
MonoBehaviour:
  m_ObjectHideFlags: 0
  m_CorrespondingSourceObject: {fileID: 0}
  m_PrefabInstance: {fileID: 0}
  m_PrefabAsset: {fileID: 0}
  m_GameObject: {fileID: 0}
  m_Enabled: 1
  m_EditorHideFlags: 0
  m_Script: {fileID: 11500000, guid: 10a59fdd0077d464f9e665872e9a046f, type: 3}
  m_Name: Dialogue
  m_EditorClassIdentifier: 
  graph: {fileID: 11400000}
  position: {x: 776, y: -152}
  ports:
    keys:
    - entry
    - exit
    values:
    - _fieldName: entry
      _node: {fileID: 4443675092886582372}
      _typeQualifiedName: System.Int32, mscorlib, Version=4.0.0.0, Culture=neutral,
        PublicKeyToken=b77a5c561934e089
      connections:
      - fieldName: _keyWordSet 0
        node: {fileID: -9015967118201627143}
        reroutePoints: []
      _direction: 0
      _connectionType: 0
      _typeConstraint: 0
      _dynamic: 0
    - _fieldName: exit
      _node: {fileID: 4443675092886582372}
      _typeQualifiedName: System.Int32, mscorlib, Version=4.0.0.0, Culture=neutral,
        PublicKeyToken=b77a5c561934e089
      connections:
      - fieldName: entry
        node: {fileID: 6085278340140034281}
        reroutePoints: []
      _direction: 1
      _connectionType: 0
      _typeConstraint: 0
      _dynamic: 0
  entry: 0
  exit: 0
  _dialogue: This is where I placed my favorite books, others are all in the library
    room.
  _waitFor: 3
  _event: {fileID: 0}
--- !u!114 &4516387810049656279
MonoBehaviour:
  m_ObjectHideFlags: 0
  m_CorrespondingSourceObject: {fileID: 0}
  m_PrefabInstance: {fileID: 0}
  m_PrefabAsset: {fileID: 0}
  m_GameObject: {fileID: 0}
  m_Enabled: 1
  m_EditorHideFlags: 0
  m_Script: {fileID: 11500000, guid: 10a59fdd0077d464f9e665872e9a046f, type: 3}
  m_Name: Dialogue
  m_EditorClassIdentifier: 
  graph: {fileID: 11400000}
  position: {x: 776, y: 664}
  ports:
    keys:
    - entry
    - exit
    values:
    - _fieldName: entry
      _node: {fileID: 4516387810049656279}
      _typeQualifiedName: System.Int32, mscorlib, Version=4.0.0.0, Culture=neutral,
        PublicKeyToken=b77a5c561934e089
      connections:
      - fieldName: _keyWordSet 3
        node: {fileID: -9015967118201627143}
        reroutePoints: []
      _direction: 0
      _connectionType: 0
      _typeConstraint: 0
      _dynamic: 0
    - _fieldName: exit
      _node: {fileID: 4516387810049656279}
      _typeQualifiedName: System.Int32, mscorlib, Version=4.0.0.0, Culture=neutral,
        PublicKeyToken=b77a5c561934e089
      connections:
      - fieldName: entry
        node: {fileID: 6085278340140034281}
        reroutePoints: []
      _direction: 1
      _connectionType: 0
      _typeConstraint: 0
      _dynamic: 0
  entry: 0
  exit: 0
  _dialogue: It is a key, specifically, a key to unlock this room.
  _waitFor: 2
  _event: {fileID: 0}
--- !u!114 &6085278340140034281
MonoBehaviour:
  m_ObjectHideFlags: 0
  m_CorrespondingSourceObject: {fileID: 0}
  m_PrefabInstance: {fileID: 0}
  m_PrefabAsset: {fileID: 0}
  m_GameObject: {fileID: 0}
  m_Enabled: 1
  m_EditorHideFlags: 0
  m_Script: {fileID: 11500000, guid: 6a37811023d81a94891d67fbc63f8abc, type: 3}
  m_Name: Empty
  m_EditorClassIdentifier: 
  graph: {fileID: 11400000}
  position: {x: 1112, y: -40}
  ports:
    keys:
    - entry
    - exit
    values:
    - _fieldName: entry
      _node: {fileID: 6085278340140034281}
      _typeQualifiedName: System.Int32, mscorlib, Version=4.0.0.0, Culture=neutral,
        PublicKeyToken=b77a5c561934e089
      connections:
      - fieldName: exit
        node: {fileID: 4443675092886582372}
        reroutePoints: []
      - fieldName: exit
        node: {fileID: 434372090988763028}
        reroutePoints: []
      - fieldName: exit
        node: {fileID: 1828023143936720842}
        reroutePoints: []
      - fieldName: exit
        node: {fileID: 4516387810049656279}
        reroutePoints: []
      _direction: 0
      _connectionType: 0
      _typeConstraint: 0
      _dynamic: 0
    - _fieldName: exit
      _node: {fileID: 6085278340140034281}
      _typeQualifiedName: System.Int32, mscorlib, Version=4.0.0.0, Culture=neutral,
        PublicKeyToken=b77a5c561934e089
      connections:
      - fieldName: entry
        node: {fileID: 2285692721328597707}
        reroutePoints:
        - {x: 1276, y: -257.5}
        - {x: 237, y: -240.5}
      _direction: 1
      _connectionType: 0
      _typeConstraint: 0
      _dynamic: 0
  entry: 0
  exit: 0
--- !u!114 &6951667896042517475
MonoBehaviour:
  m_ObjectHideFlags: 0
  m_CorrespondingSourceObject: {fileID: 0}
  m_PrefabInstance: {fileID: 0}
  m_PrefabAsset: {fileID: 0}
  m_GameObject: {fileID: 0}
  m_Enabled: 1
  m_EditorHideFlags: 0
  m_Script: {fileID: 11500000, guid: 10a59fdd0077d464f9e665872e9a046f, type: 3}
  m_Name: Dialogue
  m_EditorClassIdentifier: 
  graph: {fileID: 11400000}
  position: {x: 1592, y: 1368}
  ports:
    keys:
    - entry
    - exit
    values:
    - _fieldName: entry
      _node: {fileID: 6951667896042517475}
      _typeQualifiedName: System.Int32, mscorlib, Version=4.0.0.0, Culture=neutral,
        PublicKeyToken=b77a5c561934e089
      connections:
      - fieldName: _keyWordSet 2
        node: {fileID: -8312803867695592599}
        reroutePoints: []
      _direction: 0
      _connectionType: 0
      _typeConstraint: 0
      _dynamic: 0
    - _fieldName: exit
      _node: {fileID: 6951667896042517475}
      _typeQualifiedName: System.Int32, mscorlib, Version=4.0.0.0, Culture=neutral,
        PublicKeyToken=b77a5c561934e089
      connections:
      - fieldName: entry
        node: {fileID: -1251665750994180248}
        reroutePoints: []
      _direction: 1
      _connectionType: 0
      _typeConstraint: 0
      _dynamic: 0
  entry: 0
  exit: 0
  _dialogue: "This is where I placed all of my work documents. It seems there is
    \u2018something shiny\u2019 in one of the cabinets."
  _waitFor: 3
  _event: {fileID: 0}
--- !u!114 &7276869651355317127
MonoBehaviour:
  m_ObjectHideFlags: 0
  m_CorrespondingSourceObject: {fileID: 0}
  m_PrefabInstance: {fileID: 0}
  m_PrefabAsset: {fileID: 0}
  m_GameObject: {fileID: 0}
  m_Enabled: 1
  m_EditorHideFlags: 0
  m_Script: {fileID: 11500000, guid: ec259ae6ecafa5849af21bed4ec0ebd4, type: 3}
  m_Name: Branch
  m_EditorClassIdentifier: 
  graph: {fileID: 11400000}
  position: {x: 4872, y: 3352}
  ports:
    keys:
    - entry
    - _keyWordSet
    - _keyWordSet 0
    values:
    - _fieldName: entry
      _node: {fileID: 7276869651355317127}
      _typeQualifiedName: System.Int32, mscorlib, Version=4.0.0.0, Culture=neutral,
        PublicKeyToken=b77a5c561934e089
      connections:
      - fieldName: exit
        node: {fileID: 8445376147070466983}
        reroutePoints: []
      _direction: 0
      _connectionType: 0
      _typeConstraint: 0
      _dynamic: 0
    - _fieldName: _keyWordSet
      _node: {fileID: 7276869651355317127}
      _typeQualifiedName: KeyWordSet[], Assembly-CSharp, Version=0.0.0.0, Culture=neutral,
        PublicKeyToken=null
      connections: []
      _direction: 1
      _connectionType: 0
      _typeConstraint: 0
      _dynamic: 0
    - _fieldName: _keyWordSet 0
      _node: {fileID: 7276869651355317127}
      _typeQualifiedName: KeyWordSet[], Assembly-CSharp, Version=0.0.0.0, Culture=neutral,
        PublicKeyToken=null
      connections:
      - fieldName: entry
        node: {fileID: 1953117188974206238}
        reroutePoints: []
      _direction: 1
      _connectionType: 0
      _typeConstraint: 0
      _dynamic: 1
  entry: 0
  _keyWordSet:
  - _keyAnswer: replacement part
    _WordSet: 2
  _event: {fileID: 0}
--- !u!114 &8445376147070466983
MonoBehaviour:
  m_ObjectHideFlags: 0
  m_CorrespondingSourceObject: {fileID: 0}
  m_PrefabInstance: {fileID: 0}
  m_PrefabAsset: {fileID: 0}
  m_GameObject: {fileID: 0}
  m_Enabled: 1
  m_EditorHideFlags: 0
  m_Script: {fileID: 11500000, guid: 10a59fdd0077d464f9e665872e9a046f, type: 3}
  m_Name: Dialogue
  m_EditorClassIdentifier: 
  graph: {fileID: 11400000}
  position: {x: 4600, y: 3336}
  ports:
    keys:
    - entry
    - exit
    values:
    - _fieldName: entry
      _node: {fileID: 8445376147070466983}
      _typeQualifiedName: System.Int32, mscorlib, Version=4.0.0.0, Culture=neutral,
        PublicKeyToken=b77a5c561934e089
      connections:
      - fieldName: _keyWordSet 0
        node: {fileID: 3004254894108061568}
        reroutePoints: []
      _direction: 0
      _connectionType: 0
      _typeConstraint: 0
      _dynamic: 0
    - _fieldName: exit
      _node: {fileID: 8445376147070466983}
      _typeQualifiedName: System.Int32, mscorlib, Version=4.0.0.0, Culture=neutral,
        PublicKeyToken=b77a5c561934e089
      connections:
      - fieldName: entry
        node: {fileID: 7276869651355317127}
        reroutePoints: []
      _direction: 1
      _connectionType: 0
      _typeConstraint: 0
      _dynamic: 0
  entry: 0
  exit: 0
  _dialogue: "I walk to the library, I can now use this \u2018replacement part\u2019
    to fix the library's mechanical parts."
  _waitFor: -5
  _event: {fileID: 0}
--- !u!114 &9222923073541162392
MonoBehaviour:
  m_ObjectHideFlags: 0
  m_CorrespondingSourceObject: {fileID: 0}
  m_PrefabInstance: {fileID: 0}
  m_PrefabAsset: {fileID: 0}
  m_GameObject: {fileID: 0}
  m_Enabled: 1
  m_EditorHideFlags: 0
  m_Script: {fileID: 11500000, guid: 10a59fdd0077d464f9e665872e9a046f, type: 3}
  m_Name: Dialogue
  m_EditorClassIdentifier: 
  graph: {fileID: 11400000}
  position: {x: 5688, y: 3416}
  ports:
    keys:
    - entry
    - exit
    values:
    - _fieldName: entry
      _node: {fileID: 9222923073541162392}
      _typeQualifiedName: System.Int32, mscorlib, Version=4.0.0.0, Culture=neutral,
        PublicKeyToken=b77a5c561934e089
      connections:
      - fieldName: _keyWordSet 0
        node: {fileID: -4710302019809645184}
        reroutePoints: []
      - fieldName: _keyWordSet 1
        node: {fileID: -4710302019809645184}
        reroutePoints: []
      _direction: 0
      _connectionType: 0
      _typeConstraint: 0
      _dynamic: 0
    - _fieldName: exit
      _node: {fileID: 9222923073541162392}
      _typeQualifiedName: System.Int32, mscorlib, Version=4.0.0.0, Culture=neutral,
        PublicKeyToken=b77a5c561934e089
      connections:
      - fieldName: entry
        node: {fileID: -5459264855141508186}
        reroutePoints: []
      _direction: 1
      _connectionType: 0
      _typeConstraint: 0
      _dynamic: 0
  entry: 0
  exit: 0
  _dialogue: "What happened wasn\u2019t your fault but what you\u2019re trying to
    undo is the mistake that you made."
  _waitFor: 3
  _event: {fileID: 0}
